
   <record>
      <leader>00000nz  a2200000nc 4500</leader>
      <controlfield tag="001">institutions/30076550</controlfield>
      <controlfield tag="003">DE-633</controlfield>
      <controlfield tag="005">20250620052111.0</controlfield>
      <controlfield tag="008">161109||||z|||a|||||||||||||||||n||||||d</controlfield>
      <datafield tag="024" ind1="7" ind2=" ">
         <subfield code="a">E-ALFsm</subfield>
         <subfield code="q">siglum</subfield>
         <subfield code="2">rism</subfield>
      </datafield>
      <datafield tag="034" ind1="2" ind2=" ">
         <subfield code="d">-1.7495746</subfield>
         <subfield code="f">42.1782882</subfield>
      </datafield>
      <datafield tag="040" ind1=" " ind2=" ">
         <subfield code="a">DE-633</subfield>
         <subfield code="c">DE-633</subfield>
         <subfield code="e">rismg</subfield>
      </datafield>
      <datafield tag="043" ind1=" " ind2=" ">
         <subfield code="c">XA-ES</subfield>
      </datafield>
      <datafield tag="110" ind1="2" ind2=" ">
         <subfield code="a">Colegiata de San Miguel, Archivo de Música</subfield>
         <subfield code="c">Alfaro (Rioja)</subfield>
         <subfield code="g">E-ALFsm</subfield>
      </datafield>
      <datafield tag="368" ind1=" " ind2=" ">
         <subfield code="a">Institution</subfield>
      </datafield>
      <datafield tag="368" ind1=" " ind2=" ">
         <subfield code="a">Library</subfield>
      </datafield>
      <datafield tag="371" ind1=" " ind2=" ">
         <subfield code="a">Colegiata de San Miguel, Archivo de,  Música, Pza. de España, s/n, 26540 Alfaro (Rioja), Spain</subfield>
      </datafield>
      <datafield tag="551" ind1=" " ind2=" ">
         <subfield code="a">Alfaro (Rioja)</subfield>
         <subfield code="0">places/3905273</subfield>
      </datafield>
      <datafield tag="680" ind1=" " ind2=" ">
         <subfield code="a">This is a collection mainly composed of manuscripts from the 18th and 19th centuries, mostly by local chapel masters. Two thirds of the works are sacred music in the vernacular language (villancicos) and the remaining third are genres in Latin, 12 masses, the most incomplete, 92 psalms and 34 works including Magnificat, motets and others. The works are by 24 different composers.</subfield>
      </datafield>
   </record>