
   <record>
      <leader>00000nz  a2200000nc 4500</leader>
      <controlfield tag="001">institutions/30080780</controlfield>
      <controlfield tag="003">DE-633</controlfield>
      <controlfield tag="005">20250620052133.0</controlfield>
      <controlfield tag="008">161109||||z|||a|||||||||||||||||n||||||d</controlfield>
      <datafield tag="024" ind1="7" ind2=" ">
         <subfield code="a">E-ALG</subfield>
         <subfield code="q">siglum</subfield>
         <subfield code="2">rism</subfield>
      </datafield>
      <datafield tag="034" ind1="2" ind2=" ">
         <subfield code="d">-5.721823</subfield>
         <subfield code="f">36.461796</subfield>
      </datafield>
      <datafield tag="040" ind1=" " ind2=" ">
         <subfield code="a">DE-633</subfield>
         <subfield code="c">DE-633</subfield>
         <subfield code="e">rismg</subfield>
      </datafield>
      <datafield tag="043" ind1=" " ind2=" ">
         <subfield code="c">XA-ES</subfield>
      </datafield>
      <datafield tag="110" ind1="2" ind2=" ">
         <subfield code="a">Iglesia Mayor Parroquial de San Jorge</subfield>
         <subfield code="c">Alcalá de los Gazules</subfield>
         <subfield code="g">E-ALG</subfield>
      </datafield>
      <datafield tag="368" ind1=" " ind2=" ">
         <subfield code="a">Institution</subfield>
      </datafield>
      <datafield tag="368" ind1=" " ind2=" ">
         <subfield code="a">Library</subfield>
      </datafield>
      <datafield tag="371" ind1=" " ind2=" ">
         <subfield code="a">Iglesia Mayor Parroquial de San Jorge, Plaza de Alameda Cruz, 22, 11180 Alcalá de los Gazules, Spain</subfield>
         <subfield code="u">http://www.obispadodecadizyceuta.org/parroquias/parroquia-san-jorge-martir</subfield>
      </datafield>
      <datafield tag="551" ind1=" " ind2=" ">
         <subfield code="a">Alcalá de los Gazules</subfield>
         <subfield code="0">places/3905745</subfield>
      </datafield>
      <datafield tag="680" ind1=" " ind2=" ">
         <subfield code="a">Parish Church of St. George in the small village of Alcalá de los Gazules (belonging to Cádiz province, in Andalusia). Liturgical, choir and organ books, some with good illustrations and illuminated letters.</subfield>
      </datafield>
   </record>