
   <record>
      <leader>00000nz  a2200000nc 4500</leader>
      <controlfield tag="001">institutions/30079631</controlfield>
      <controlfield tag="003">DE-633</controlfield>
      <controlfield tag="005">20250620052125.0</controlfield>
      <controlfield tag="008">161109||||z|||a|||||||||||||||||n||||||d</controlfield>
      <datafield tag="024" ind1="7" ind2=" ">
         <subfield code="a">E-ALIamc</subfield>
         <subfield code="q">siglum</subfield>
         <subfield code="2">rism</subfield>
      </datafield>
      <datafield tag="040" ind1=" " ind2=" ">
         <subfield code="a">DE-633</subfield>
         <subfield code="c">DE-633</subfield>
         <subfield code="e">rismg</subfield>
      </datafield>
      <datafield tag="043" ind1=" " ind2=" ">
         <subfield code="c">XA-ES</subfield>
      </datafield>
      <datafield tag="110" ind1="2" ind2=" ">
         <subfield code="a">Archivo Musical de la Concatedral de Alicante</subfield>
         <subfield code="c">Alicante</subfield>
         <subfield code="g">E-ALIamc</subfield>
      </datafield>
      <datafield tag="368" ind1=" " ind2=" ">
         <subfield code="a">Institution</subfield>
      </datafield>
      <datafield tag="368" ind1=" " ind2=" ">
         <subfield code="a">Library</subfield>
      </datafield>
      <datafield tag="371" ind1=" " ind2=" ">
         <subfield code="a">Archivo Musical de la Concatedral de,  Alicante, Edificio del Obispado, c/ Marco Oliver, 5, 03009  Alicante, Spain</subfield>
         <subfield code="u">http://concatedralalicante.com/la-musica-en-la-concatedral.html</subfield>
      </datafield>
      <datafield tag="551" ind1=" " ind2=" ">
         <subfield code="a">Alicante</subfield>
         <subfield code="0">places/3012595</subfield>
      </datafield>
      <datafield tag="680" ind1=" " ind2=" ">
         <subfield code="a">It is composed of a variety of musical works, among which are those of chapel masters who worked on the Concatedral de San Nicolás (cathedral of St. Nicholas), Basílica de Santa María (St. Mary's Basilica) and the Monasterio de la Santa Faz (Monastery of the Holy Face) between the 15th and 18th centuries Nicolás Salina, Isidro Escorihuela, Agustín de Iranzo, Manuel Comeres, Gabriel Aznar, Alexandre and Miguel Crevea.</subfield>
      </datafield>
   </record>