
   <record>
      <leader>00000nz  a2200000nc 4500</leader>
      <controlfield tag="001">institutions/30079632</controlfield>
      <controlfield tag="003">DE-633</controlfield>
      <controlfield tag="005">20250620052125.0</controlfield>
      <controlfield tag="008">161109||||z|||a|||||||||||||||||n||||||d</controlfield>
      <datafield tag="024" ind1="7" ind2=" ">
         <subfield code="a">E-ALIgm</subfield>
         <subfield code="q">siglum</subfield>
         <subfield code="2">rism</subfield>
      </datafield>
      <datafield tag="040" ind1=" " ind2=" ">
         <subfield code="a">DE-633</subfield>
         <subfield code="c">DE-633</subfield>
         <subfield code="e">rismg</subfield>
      </datafield>
      <datafield tag="043" ind1=" " ind2=" ">
         <subfield code="c">XA-ES</subfield>
      </datafield>
      <datafield tag="110" ind1="2" ind2=" ">
         <subfield code="a">Centro de Investigación de Legados y Donaciones de Alicante. Biblioteca Gabriel Miró</subfield>
         <subfield code="c">Alicante</subfield>
         <subfield code="g">E-ALIgm</subfield>
      </datafield>
      <datafield tag="368" ind1=" " ind2=" ">
         <subfield code="a">Institution</subfield>
      </datafield>
      <datafield tag="368" ind1=" " ind2=" ">
         <subfield code="a">Library</subfield>
      </datafield>
      <datafield tag="371" ind1=" " ind2=" ">
         <subfield code="a">Centro de Investigación de Legados y,  Donaciones de Alicante. Biblioteca,  Gabriel Miró, Av. Ramón y Cajal, 5, 03003 Alicante, Spain</subfield>
         <subfield code="u">http://www.bibliotecascajamediterraneo.es/web-slscam/index.htm</subfield>
      </datafield>
      <datafield tag="551" ind1=" " ind2=" ">
         <subfield code="a">Alicante</subfield>
         <subfield code="0">places/3012595</subfield>
      </datafield>
      <datafield tag="680" ind1=" " ind2=" ">
         <subfield code="a">It has the Óscar Esplá's collection (1886-1976), including his piano, his personal library and 65 autograph scores of the 103 he composed, including the oldest. Also preserves the legacies of Jaume Mas-Porcel (1909-1993) and Juan de Dios Aguilar (1891-1965p).</subfield>
      </datafield>
   </record>