
   <record>
      <leader>00000nz  a2200000nc 4500</leader>
      <controlfield tag="001">institutions/30080188</controlfield>
      <controlfield tag="003">DE-633</controlfield>
      <controlfield tag="005">20250620052129.0</controlfield>
      <controlfield tag="008">161109||||z|||a|||||||||||||||||n||||||d</controlfield>
      <datafield tag="024" ind1="7" ind2=" ">
         <subfield code="a">E-ALMA</subfield>
         <subfield code="q">siglum</subfield>
         <subfield code="2">rism</subfield>
      </datafield>
      <datafield tag="040" ind1=" " ind2=" ">
         <subfield code="a">DE-633</subfield>
         <subfield code="c">DE-633</subfield>
         <subfield code="e">rismg</subfield>
      </datafield>
      <datafield tag="043" ind1=" " ind2=" ">
         <subfield code="c">XA-ES</subfield>
      </datafield>
      <datafield tag="110" ind1="2" ind2=" ">
         <subfield code="a">Museo Nacional del Teatro</subfield>
         <subfield code="c">Almagro</subfield>
         <subfield code="g">E-ALMA</subfield>
      </datafield>
      <datafield tag="368" ind1=" " ind2=" ">
         <subfield code="a">Institution</subfield>
      </datafield>
      <datafield tag="368" ind1=" " ind2=" ">
         <subfield code="a">Library</subfield>
      </datafield>
      <datafield tag="371" ind1=" " ind2=" ">
         <subfield code="a">Museo Nacional del Teatro, c/ Gran Maestre, 2, 13270  Almagro, Spain</subfield>
         <subfield code="u">http://museoteatro.mcu.es/?lang=en</subfield>
      </datafield>
      <datafield tag="551" ind1=" " ind2=" ">
         <subfield code="a">Almagro</subfield>
         <subfield code="0">places/3905649</subfield>
      </datafield>
      <datafield tag="680" ind1=" " ind2=" ">
         <subfield code="a">Cuenta entre sus fondos con partituras, escenografías, figurines, etc. En cuanto al archivo musical, procede en su mayor parte del Archivo y Biblioteca del Teatro Real de Madrid, creado por su director artístico Luis París en 1919, a partir de los fondos musicales organizados desde 1852. Destacan manuscritos originales de autores como Fernández Caballero o Jerónimo Jiménez. La catalogación de este archivo ha sido realizada por el Centro de Documentación de Música y Danza del INAEM. Por otro lado, el Manuscrito de la Cofradía de Nuestra Señora de la Novena se encuentra en depósito en el Museo.</subfield>
      </datafield>
   </record>