
   <record>
      <leader>00000nz  a2200000nc 4500</leader>
      <controlfield tag="001">institutions/30079549</controlfield>
      <controlfield tag="003">DE-633</controlfield>
      <controlfield tag="005">20250620052125.0</controlfield>
      <controlfield tag="008">161109||||z|||a|||||||||||||||||n||||||d</controlfield>
      <datafield tag="024" ind1="7" ind2=" ">
         <subfield code="a">15159032769001182362</subfield>
         <subfield code="2">VIAF</subfield>
      </datafield>
      <datafield tag="024" ind1="7" ind2=" ">
         <subfield code="a">Q97633563</subfield>
         <subfield code="2">WKP</subfield>
      </datafield>
      <datafield tag="024" ind1="7" ind2=" ">
         <subfield code="a">E-ANT</subfield>
         <subfield code="q">siglum</subfield>
         <subfield code="2">rism</subfield>
      </datafield>
      <datafield tag="034" ind1="1" ind2=" ">
         <subfield code="d">-4.556977075066158</subfield>
         <subfield code="f">37.0163435944083</subfield>
      </datafield>
      <datafield tag="040" ind1=" " ind2=" ">
         <subfield code="a">DE-633</subfield>
         <subfield code="c">DE-633</subfield>
         <subfield code="e">rismg</subfield>
      </datafield>
      <datafield tag="043" ind1=" " ind2=" ">
         <subfield code="c">XA-ES</subfield>
      </datafield>
      <datafield tag="110" ind1="1" ind2=" ">
         <subfield code="a">Archivo Histórico Municipal</subfield>
         <subfield code="c">Antequera</subfield>
         <subfield code="g">E-ANT</subfield>
      </datafield>
      <datafield tag="368" ind1=" " ind2=" ">
         <subfield code="a">Institution</subfield>
         <subfield code="a">Archive</subfield>
         <subfield code="a">Library</subfield>
      </datafield>
      <datafield tag="371" ind1=" " ind2=" ">
         <subfield code="a">C/ Cuesta de Barbacanas nº 8</subfield>
         <subfield code="b">Antequera</subfield>
         <subfield code="c">Andalucía</subfield>
         <subfield code="d">Spain</subfield>
         <subfield code="e">29200</subfield>
         <subfield code="m">archivo@antequera.es</subfield>
         <subfield code="u">https://www.antequera.es/municipio/antequera/archivo-historico-municipal/</subfield>
      </datafield>
      <datafield tag="410" ind1=" " ind2=" ">
         <subfield code="a">Archivo Histórico Municipal - Archivo de la Iglesia Colegial de Antequera</subfield>
      </datafield>
      <datafield tag="551" ind1="1" ind2=" ">
         <subfield code="a">Antequera</subfield>
         <subfield code="0">places/3905530</subfield>
      </datafield>
      <datafield tag="680" ind1="1" ind2=" ">
         <subfield code="a">Compositions by chapel masters like, e.g., José Zameza y Elejalde (1726-1796) and choir books from the musical chapel, centuries 16th to 20th.</subfield>
      </datafield>
   </record>