
   <record>
      <leader>00000nz  a2200000nc 4500</leader>
      <controlfield tag="001">institutions/30003282</controlfield>
      <controlfield tag="003">DE-633</controlfield>
      <controlfield tag="005">20250620052020.0</controlfield>
      <controlfield tag="008">161109||||z|||a|||||||||||||||||n||||||d</controlfield>
      <datafield tag="024" ind1="7" ind2=" ">
         <subfield code="a">E-AS</subfield>
         <subfield code="q">siglum</subfield>
         <subfield code="2">rism</subfield>
      </datafield>
      <datafield tag="040" ind1=" " ind2=" ">
         <subfield code="a">DE-633</subfield>
         <subfield code="c">DE-633</subfield>
         <subfield code="e">rismg</subfield>
      </datafield>
      <datafield tag="043" ind1=" " ind2=" ">
         <subfield code="c">XA-ES</subfield>
      </datafield>
      <datafield tag="110" ind1="2" ind2=" ">
         <subfield code="a">Archivo Diocesano y Archivo Capitular de la Catedral de Astorga</subfield>
         <subfield code="c">Astorga</subfield>
         <subfield code="g">E-AS</subfield>
      </datafield>
      <datafield tag="368" ind1=" " ind2=" ">
         <subfield code="a">Library</subfield>
      </datafield>
      <datafield tag="368" ind1=" " ind2=" ">
         <subfield code="a">Institution</subfield>
      </datafield>
      <datafield tag="371" ind1=" " ind2=" ">
         <subfield code="a">Archivo Diocesano y Archivo Capitular de,  la Catedral de Astorga, Calle Doctor Mérida Pérez 1, 24700 Astorga, Spain</subfield>
         <subfield code="u">http://www.diocesisastorga.es/DIOCESIS/Archivo-Diocesano/</subfield>
      </datafield>
      <datafield tag="410" ind1="2" ind2=" ">
         <subfield code="a">Archivo Musical de la Catedral</subfield>
      </datafield>
      <datafield tag="551" ind1=" " ind2=" ">
         <subfield code="a">Astorga</subfield>
         <subfield code="0">places/3903767</subfield>
      </datafield>
      <datafield tag="680" ind1=" " ind2=" ">
         <subfield code="a">Contiene libros de polifonía o atril datados entre 1711 y 1850, que incluyen 117 obras, así como piezas de 193 compositores, entre los cuales figuran Diego de las Muelas, Francisco Hernández y Llana, Felipe Prats o Manuel Ibeas.</subfield>
      </datafield>
   </record>