
   <record>
      <leader>00000nz  a2200000nc 4500</leader>
      <controlfield tag="001">institutions/30079660</controlfield>
      <controlfield tag="003">DE-633</controlfield>
      <controlfield tag="005">20250620052125.0</controlfield>
      <controlfield tag="008">161109||||z|||a|||||||||||||||||n||||||d</controlfield>
      <datafield tag="024" ind1="7" ind2=" ">
         <subfield code="a">E-AZP</subfield>
         <subfield code="q">siglum</subfield>
         <subfield code="2">rism</subfield>
      </datafield>
      <datafield tag="040" ind1=" " ind2=" ">
         <subfield code="a">DE-633</subfield>
         <subfield code="c">DE-633</subfield>
         <subfield code="e">rismg</subfield>
      </datafield>
      <datafield tag="043" ind1=" " ind2=" ">
         <subfield code="c">XA-ES</subfield>
      </datafield>
      <datafield tag="110" ind1="2" ind2=" ">
         <subfield code="a">Biblioteca y Archivo Musical Nemesio Otaño. Santuario de Loiola</subfield>
         <subfield code="c">Azpeitia</subfield>
         <subfield code="g">E-AZP</subfield>
      </datafield>
      <datafield tag="368" ind1=" " ind2=" ">
         <subfield code="a">Institution</subfield>
      </datafield>
      <datafield tag="368" ind1=" " ind2=" ">
         <subfield code="a">Library</subfield>
      </datafield>
      <datafield tag="371" ind1=" " ind2=" ">
         <subfield code="a">Biblioteca y Archivo Musical Nemesio,  Otaño. Santuario de Loiola, Santuario de Loiola, 20730 Azpeitia, Spain</subfield>
         <subfield code="u">http://www.santuariodeloyola.org/</subfield>
      </datafield>
      <datafield tag="551" ind1=" " ind2=" ">
         <subfield code="a">Azpeitia</subfield>
         <subfield code="0">places/3905566</subfield>
      </datafield>
      <datafield tag="680" ind1=" " ind2=" ">
         <subfield code="a">It houses 12 musical holdings consisting in scores, handwritten documentation and music books. Collections composing the archive: - Archivo Música S.F. Javier &#x96; Tudela (music archive of St. Francisco Xavier, in Tudela) - Archivo Música P. Pablo Garayoa (Pablo Garayoa music archive) - Biblioteca Música Jesuitas &#x96; Bilbao (Music Library of the Jesuits, in Bilbao) - Biblioteca Música J. M. Zavala (Music Library J. M. Zavala) - Biblioteca Música Alberto Michelena - Biblioteca Música P. Nemesio Otaño, S.J. (Music Library of the jesuit, father Nemesio Otaño) - Archivo Música P. Félix Zabala, S.J. - Fondo Musical Loyola (Loyola Music holdings) - Fondo Musical San José, de Durango (Musical holdings of St. Joseph, in Durango) - Fondo Musical Eleizgaray - Partituras en la revista Txistulari (Sheet music appeared in the Txistulari journal) - Partituras en la revista Kantuz (Sheet music appeared in the Kantuz journal)</subfield>
      </datafield>
   </record>