
   <record>
      <leader>00000nz  a2200000nc 4500</leader>
      <controlfield tag="001">institutions/30001362</controlfield>
      <controlfield tag="003">DE-633</controlfield>
      <controlfield tag="005">20250620052003.0</controlfield>
      <controlfield tag="008">161109||||z|||a|||||||||||||||||n||||||d</controlfield>
      <datafield tag="024" ind1="7" ind2=" ">
         <subfield code="a">E-BA</subfield>
         <subfield code="q">siglum</subfield>
         <subfield code="2">rism</subfield>
      </datafield>
      <datafield tag="040" ind1=" " ind2=" ">
         <subfield code="a">DE-633</subfield>
         <subfield code="c">DE-633</subfield>
         <subfield code="e">rismg</subfield>
      </datafield>
      <datafield tag="043" ind1=" " ind2=" ">
         <subfield code="c">XA-ES</subfield>
      </datafield>
      <datafield tag="110" ind1="2" ind2=" ">
         <subfield code="a">Archivos Eclesiásticos de Mérida - Badajoz</subfield>
         <subfield code="c">Badajoz</subfield>
         <subfield code="g">E-BA</subfield>
      </datafield>
      <datafield tag="368" ind1=" " ind2=" ">
         <subfield code="a">Institution</subfield>
      </datafield>
      <datafield tag="368" ind1=" " ind2=" ">
         <subfield code="a">Library</subfield>
      </datafield>
      <datafield tag="371" ind1=" " ind2=" ">
         <subfield code="a">Archivos Eclesiásticos de Mérida -,  Badajoz, Catedral de Badajoz, c/ Obispo San Juan de Ribera, 13, 06002 Badajoz, Spain</subfield>
         <subfield code="u">http://archivos.meridabadajoz.es/</subfield>
      </datafield>
      <datafield tag="410" ind1="2" ind2=" ">
         <subfield code="a">Archivo de Música de la Catedral (San Juan)</subfield>
      </datafield>
      <datafield tag="410" ind1="2" ind2=" ">
         <subfield code="a">Catedral, Archivo Capitular</subfield>
      </datafield>
      <datafield tag="551" ind1=" " ind2=" ">
         <subfield code="a">Badajoz</subfield>
         <subfield code="0">places/3903177</subfield>
      </datafield>
      <datafield tag="667" ind1=" " ind2=" ">
         <subfield code="a">Published sources: 8</subfield>
      </datafield>
      <datafield tag="680" ind1=" " ind2=" ">
         <subfield code="a">Collects musical holdings from: - Archivo Diocesano (sources from the 16th century onwards) - Archivo Capitular (sources from the 13th century) Preserves 20 plainsong books of the 15th to 17th centuries, including 4 illuminated choir books of the 15th and a rich collection of manuscript and printed scores, by chapel masters as Muñoz, Carvallo, Ignacio Vivas or Francisco de Paula Trujillo, and by the organist José Velilla.</subfield>
      </datafield>
   </record>