
   <record>
      <leader>00000nz  a2200000nc 4500</leader>
      <controlfield tag="001">institutions/30005458</controlfield>
      <controlfield tag="003">DE-633</controlfield>
      <controlfield tag="005">20250620052039.0</controlfield>
      <controlfield tag="008">161109||||z|||a|||||||||||||||||n||||||d</controlfield>
      <datafield tag="024" ind1="7" ind2=" ">
         <subfield code="a">E-BAR</subfield>
         <subfield code="q">siglum</subfield>
         <subfield code="2">rism</subfield>
      </datafield>
      <datafield tag="040" ind1=" " ind2=" ">
         <subfield code="a">DE-633</subfield>
         <subfield code="c">DE-633</subfield>
         <subfield code="e">rismg</subfield>
      </datafield>
      <datafield tag="043" ind1=" " ind2=" ">
         <subfield code="c">XA-ES</subfield>
      </datafield>
      <datafield tag="110" ind1="1" ind2=" ">
         <subfield code="a">Catedral de Barbastro, Archivo</subfield>
         <subfield code="c">Barbastro</subfield>
         <subfield code="g">E-BAR</subfield>
      </datafield>
      <datafield tag="368" ind1=" " ind2=" ">
         <subfield code="a">Institution</subfield>
      </datafield>
      <datafield tag="368" ind1=" " ind2=" ">
         <subfield code="a">Library</subfield>
      </datafield>
      <datafield tag="371" ind1=" " ind2=" ">
         <subfield code="a">Catedral de Barbastro, Archivo, Pz. Palacio, 1, 22300 Barbastro, Spain</subfield>
         <subfield code="u">http://www.diocesisbarbastromonzon.org/</subfield>
      </datafield>
      <datafield tag="551" ind1="1" ind2=" ">
         <subfield code="a">Barbastro</subfield>
         <subfield code="0">places/3904525</subfield>
      </datafield>
      <datafield tag="667" ind1=" " ind2=" ">
         <subfield code="a">Published sources: 37</subfield>
      </datafield>
      <datafield tag="670" ind1="1" ind2=" ">
         <subfield code="a">Escuer SalcedoV 2020</subfield>
         <subfield code="0">publications/50005906</subfield>
      </datafield>
      <datafield tag="680" ind1="1" ind2=" ">
         <subfield code="a">Se divide en una sección de libros de canto llano y otra con 2 libros de canto de órgano y 75 cajas con repertorio polifónico manuscrito e impreso. En el primer libro de canto de órgano, copiado en la primera mitad del siglo XIX, se recopilan obras de grandes maestros de la polifonía clásica junto con algunas de los maestros de capilla de la catedral. El segundo está fechado en 1863 y contiene diversas composiciones anónimas a cuatro voces para la Semana Santa. Las 75 cajas contienen repertorio en pliegos sueltos que van desde algunos villancicos del siglo XVII, hasta la últimas composiciones del actual maestro de capilla de la institución. Es significativo destacar los inventarios de libros de canto llano y de polifonía que durante todo el siglo XVII recoge el libro de consuetas. Se destaca la conservación de algunos fragmentos en pergamino en notación aquitana sobre punta seca (siglos XII-XIII). Recoge los fondos de: - Museo Diocesano - Archivo Capitular de Barbastro - Archivo del Cabildo Catedral - Archivo de la Curia - Archivo de las Parroquias - Archivo musical de la Banda de Música - Fondo del Monasterio de San Vitorián</subfield>
      </datafield>
   </record>