
   <record>
      <leader>00000nz  a2200000nc 4500</leader>
      <controlfield tag="001">institutions/30079661</controlfield>
      <controlfield tag="003">DE-633</controlfield>
      <controlfield tag="005">20250620052125.0</controlfield>
      <controlfield tag="008">161109||||z|||a|||||||||||||||||n||||||d</controlfield>
      <datafield tag="024" ind1="7" ind2=" ">
         <subfield code="a">28159032521601180518</subfield>
         <subfield code="2">VIAF</subfield>
      </datafield>
      <datafield tag="024" ind1="7" ind2=" ">
         <subfield code="a">E-BIafv</subfield>
         <subfield code="q">siglum</subfield>
         <subfield code="2">rism</subfield>
      </datafield>
      <datafield tag="034" ind1="1" ind2=" ">
         <subfield code="d">-2.9431517029516714</subfield>
         <subfield code="f">43.263336445407106</subfield>
      </datafield>
      <datafield tag="040" ind1=" " ind2=" ">
         <subfield code="a">DE-633</subfield>
         <subfield code="c">DE-633</subfield>
         <subfield code="e">rismg</subfield>
      </datafield>
      <datafield tag="043" ind1=" " ind2=" ">
         <subfield code="c">XA-ES</subfield>
      </datafield>
      <datafield tag="110" ind1="1" ind2=" ">
         <subfield code="a">Bizkaiko Foru Agiritegi Historikoa (BFAH) / Archivo Histórico Foral de Bizkaia (AHFB)</subfield>
         <subfield code="c">Bilbo / Bilbao</subfield>
         <subfield code="g">E-BIafv</subfield>
      </datafield>
      <datafield tag="368" ind1=" " ind2=" ">
         <subfield code="a">Institution</subfield>
         <subfield code="a">Archive</subfield>
         <subfield code="a">Library</subfield>
      </datafield>
      <datafield tag="371" ind1=" " ind2=" ">
         <subfield code="a">María Díaz de Haroko kalea, 11</subfield>
         <subfield code="b">Bilbo / Bilbao</subfield>
         <subfield code="c">Euskal Herria / País Vasco</subfield>
         <subfield code="d">Spain</subfield>
         <subfield code="e">48013</subfield>
         <subfield code="m">agiri@bizkaia.eus</subfield>
         <subfield code="u">https://www.bizkaia.eus/es/web/archivo</subfield>
         <subfield code="z">tel: +34 / 94 4067722</subfield>
         <subfield code="z">fax: +34 / 94 4276344</subfield>
      </datafield>
      <datafield tag="410" ind1=" " ind2=" ">
         <subfield code="a">Archivo Foral de Vizcaya</subfield>
      </datafield>
      <datafield tag="551" ind1="1" ind2=" ">
         <subfield code="a">Bilbao</subfield>
         <subfield code="0">places/3900530</subfield>
      </datafield>
      <datafield tag="680" ind1="1" ind2=" ">
         <subfield code="a">The section of music is composed by various music archives from different provenances. It consists of the following holdings:  - Diputación de Bizkaia (Council of Bizkaia): scores, mainly Basque issue. - Carmelo Bernaola - Emma Chacón - Sociedad Coral de Bilbao (Choral Society of Bilbao) - Teatro Campos Elíseos (Theatre Champs Elysees)</subfield>
      </datafield>
   </record>