
   <record>
      <leader>00000nz  a2200000nc 4500</leader>
      <controlfield tag="001">institutions/30079662</controlfield>
      <controlfield tag="003">DE-633</controlfield>
      <controlfield tag="005">20250620052125.0</controlfield>
      <controlfield tag="008">161109||||z|||a|||||||||||||||||n||||||d</controlfield>
      <datafield tag="024" ind1="7" ind2=" ">
         <subfield code="a">24159032531201180528</subfield>
         <subfield code="2">VIAF</subfield>
      </datafield>
      <datafield tag="024" ind1="7" ind2=" ">
         <subfield code="a">E-BIbi</subfield>
         <subfield code="q">siglum</subfield>
         <subfield code="2">rism</subfield>
      </datafield>
      <datafield tag="034" ind1="1" ind2=" ">
         <subfield code="d">-2.924560467829381</subfield>
         <subfield code="f">43.25875512614509</subfield>
      </datafield>
      <datafield tag="040" ind1=" " ind2=" ">
         <subfield code="a">DE-633</subfield>
         <subfield code="c">DE-633</subfield>
         <subfield code="e">rismg</subfield>
      </datafield>
      <datafield tag="043" ind1=" " ind2=" ">
         <subfield code="c">XA-ES</subfield>
      </datafield>
      <datafield tag="110" ind1="1" ind2=" ">
         <subfield code="a">Bidebarrietako Liburutegi nagusia / Biblioteca Central de Bidebarrieta</subfield>
         <subfield code="c">Bilbo / Bilbao</subfield>
         <subfield code="g">E-BIbi</subfield>
      </datafield>
      <datafield tag="368" ind1=" " ind2=" ">
         <subfield code="a">Institution</subfield>
         <subfield code="a">Library</subfield>
      </datafield>
      <datafield tag="371" ind1=" " ind2=" ">
         <subfield code="a">Bidebarrieta Kalea 4,</subfield>
         <subfield code="b">Bilbo / Bilbao</subfield>
         <subfield code="c">Euskal Herria / País Vasco</subfield>
         <subfield code="d">Spain</subfield>
         <subfield code="e">48005</subfield>
         <subfield code="m">bidebarrieta@bilbao.eus</subfield>
         <subfield code="u">https://www.bilbao.eus/cs/Satellite?c=Page&amp;cid=1272991239898&amp;pagename=BibliotecasMunicipales%2FPage%2FBMB_SeccionInf&amp;fp%3AidiomaActual=es</subfield>
      </datafield>
      <datafield tag="551" ind1="1" ind2=" ">
         <subfield code="a">Bilbao</subfield>
         <subfield code="0">places/3900530</subfield>
      </datafield>
      <datafield tag="680" ind1="1" ind2=" ">
         <subfield code="a">Important collection composed numerous musical sources of the work of Juan Crisóstomo de Arriaga, both autographs and manuscript copies, particellas, editions, etc. Several documents digitized and available on web.</subfield>
      </datafield>
   </record>