
   <record>
      <leader>00000nz  a2200000nc 4500</leader>
      <controlfield tag="001">institutions/30080746</controlfield>
      <controlfield tag="003">DE-633</controlfield>
      <controlfield tag="005">20250620052133.0</controlfield>
      <controlfield tag="008">161109||||z|||a|||||||||||||||||n||||||d</controlfield>
      <datafield tag="024" ind1="7" ind2=" ">
         <subfield code="a">E-BIf</subfield>
         <subfield code="q">siglum</subfield>
         <subfield code="2">rism</subfield>
      </datafield>
      <datafield tag="034" ind1="2" ind2=" ">
         <subfield code="d">-2.932895</subfield>
         <subfield code="f">43.263323</subfield>
      </datafield>
      <datafield tag="040" ind1=" " ind2=" ">
         <subfield code="a">DE-633</subfield>
         <subfield code="c">DE-633</subfield>
         <subfield code="e">rismg</subfield>
      </datafield>
      <datafield tag="043" ind1=" " ind2=" ">
         <subfield code="c">XA-ES</subfield>
      </datafield>
      <datafield tag="110" ind1="2" ind2=" ">
         <subfield code="a">Sociedad Filarmónica de Bilbao, Archivo</subfield>
         <subfield code="c">Bilbao</subfield>
         <subfield code="g">E-BIf</subfield>
      </datafield>
      <datafield tag="368" ind1=" " ind2=" ">
         <subfield code="a">Institution</subfield>
      </datafield>
      <datafield tag="368" ind1=" " ind2=" ">
         <subfield code="a">Library</subfield>
      </datafield>
      <datafield tag="371" ind1=" " ind2=" ">
         <subfield code="a">Sociedad Filarmónica de Bilbao, Archivo, Marqués del Puerto, 2, 48009 Bilbao, Spain</subfield>
         <subfield code="u">http://www.filarmonica.org/index_en.php</subfield>
      </datafield>
      <datafield tag="551" ind1=" " ind2=" ">
         <subfield code="a">Bilbao</subfield>
         <subfield code="0">places/3900530</subfield>
      </datafield>
      <datafield tag="680" ind1=" " ind2=" ">
         <subfield code="a">Custody the following documents and music collections: - Collection of programs organized by the Society since 1896, date of its foundation. - Collection of photographs with dedications. - Collection of postal letters interchanged between different composers and artists, such as E. Granados, M. de Falla or Crickboom. - Signature book. - Original scores of Divergencia armónica by Anton Larrauri and Flessuoso quartet by Luis de Pablo, compositions commissioned by the Philharmonic Society.</subfield>
      </datafield>
   </record>