
   <record>
      <leader>00000nz  a2200000nc 4500</leader>
      <controlfield tag="001">institutions/30079663</controlfield>
      <controlfield tag="003">DE-633</controlfield>
      <controlfield tag="005">20250620052125.0</controlfield>
      <controlfield tag="008">161109||||z|||a|||||||||||||||||n||||||d</controlfield>
      <datafield tag="024" ind1="7" ind2=" ">
         <subfield code="a">20159032520301180532</subfield>
         <subfield code="2">VIAF</subfield>
      </datafield>
      <datafield tag="024" ind1="7" ind2=" ">
         <subfield code="a">Q95144962</subfield>
         <subfield code="2">WKP</subfield>
      </datafield>
      <datafield tag="024" ind1="7" ind2=" ">
         <subfield code="a">E-BIrav</subfield>
         <subfield code="q">siglum</subfield>
         <subfield code="2">rism</subfield>
      </datafield>
      <datafield tag="034" ind1="1" ind2=" ">
         <subfield code="d">-2.9250485011285643</subfield>
         <subfield code="f">43.258294408882925</subfield>
      </datafield>
      <datafield tag="040" ind1=" " ind2=" ">
         <subfield code="a">DE-633</subfield>
         <subfield code="c">DE-633</subfield>
         <subfield code="e">rismg</subfield>
      </datafield>
      <datafield tag="043" ind1=" " ind2=" ">
         <subfield code="c">XA-ES</subfield>
      </datafield>
      <datafield tag="110" ind1="1" ind2=" ">
         <subfield code="a">Euskaltzaindia, Azkue Biblioteka / Real Academia de la Lengua Vasca, Biblioteca Azkue</subfield>
         <subfield code="c">Bilbo / Bilbao</subfield>
         <subfield code="g">E-BIrav</subfield>
      </datafield>
      <datafield tag="368" ind1=" " ind2=" ">
         <subfield code="a">Institution</subfield>
         <subfield code="a">Library</subfield>
      </datafield>
      <datafield tag="371" ind1=" " ind2=" ">
         <subfield code="a">Pza. Barria, 15</subfield>
         <subfield code="b">Bilbo / Bilbao</subfield>
         <subfield code="c">Euskal Herria / País Vasco</subfield>
         <subfield code="d">Spain</subfield>
         <subfield code="e">48005</subfield>
         <subfield code="u">https://www.euskaltzaindia.eus/es</subfield>
      </datafield>
      <datafield tag="551" ind1="1" ind2=" ">
         <subfield code="a">Bilbao</subfield>
         <subfield code="0">places/3900530</subfield>
      </datafield>
      <datafield tag="680" ind1="1" ind2=" ">
         <subfield code="a">The archive of Resurrección María de Azkue (father Donostia) has the Cancionero Popular Vasco (Basque Popular Songbook), collecting music and songs (1918-1921). This is a selection of 1,001 pieces of about 2,000 that contained the winning work  in a 1915 contest organized by the Provincial Councils of Guipúzcoa, Vizcaya, Álava and Navarre.  - Archive and Library of Resurrección María de Azkue.</subfield>
      </datafield>
   </record>