
   <record>
      <leader>00000nz  a2200000nc 4500</leader>
      <controlfield tag="001">institutions/51000307</controlfield>
      <controlfield tag="003">DE-633</controlfield>
      <controlfield tag="005">20250620052236.0</controlfield>
      <controlfield tag="008">170516||||z|||a|||||||||||||||||n||||||d</controlfield>
      <datafield tag="024" ind1="7" ind2=" ">
         <subfield code="a">148639176</subfield>
         <subfield code="2">VIAF</subfield>
      </datafield>
      <datafield tag="024" ind1="7" ind2=" ">
         <subfield code="a">E-BIsb</subfield>
         <subfield code="q">siglum</subfield>
         <subfield code="2">rism</subfield>
      </datafield>
      <datafield tag="034" ind1="1" ind2=" ">
         <subfield code="d">-2.926069</subfield>
         <subfield code="f">43.260645</subfield>
      </datafield>
      <datafield tag="040" ind1=" " ind2=" ">
         <subfield code="a">DE-633</subfield>
         <subfield code="c">DE-633</subfield>
         <subfield code="e">rismg</subfield>
      </datafield>
      <datafield tag="043" ind1=" " ind2=" ">
         <subfield code="c">XA-ES</subfield>
      </datafield>
      <datafield tag="110" ind1="1" ind2=" ">
         <subfield code="a">Archivo y Biblioteca de la Sociedad Bilbaína</subfield>
         <subfield code="c">Bilbao</subfield>
         <subfield code="g">E-BIsb</subfield>
      </datafield>
      <datafield tag="368" ind1=" " ind2=" ">
         <subfield code="a">Institution</subfield>
         <subfield code="a">Library</subfield>
         <subfield code="a">Archive</subfield>
      </datafield>
      <datafield tag="371" ind1=" " ind2=" ">
         <subfield code="a">C/ Navarra, 1</subfield>
         <subfield code="b">Bilbao</subfield>
         <subfield code="c">País Vasco</subfield>
         <subfield code="d">Reino de España</subfield>
         <subfield code="e">48001</subfield>
         <subfield code="m">info@sociedadbilbaina.com</subfield>
         <subfield code="u">http://www.sociedadbilbaina.com/biblioteca-y-hemeroteca-introduccion/</subfield>
         <subfield code="z">tel: +34 / 94 / 423 14 07</subfield>
         <subfield code="z">fax: +34 / 94 / 423 01 00</subfield>
      </datafield>
      <datafield tag="551" ind1="1" ind2=" ">
         <subfield code="a">Bilbao</subfield>
         <subfield code="0">places/3900530</subfield>
      </datafield>
   </record>