
   <record>
      <leader>00000nz  a2200000nc 4500</leader>
      <controlfield tag="001">institutions/30006234</controlfield>
      <controlfield tag="003">DE-633</controlfield>
      <controlfield tag="005">20250620052046.0</controlfield>
      <controlfield tag="008">161109||||z|||a|||||||||||||||||n||||||d</controlfield>
      <datafield tag="024" ind1="7" ind2=" ">
         <subfield code="a">E-BOR</subfield>
         <subfield code="q">siglum</subfield>
         <subfield code="2">rism</subfield>
      </datafield>
      <datafield tag="040" ind1=" " ind2=" ">
         <subfield code="a">DE-633</subfield>
         <subfield code="c">DE-633</subfield>
         <subfield code="e">rismg</subfield>
      </datafield>
      <datafield tag="043" ind1=" " ind2=" ">
         <subfield code="c">XA-ES</subfield>
      </datafield>
      <datafield tag="110" ind1="2" ind2=" ">
         <subfield code="a">Iglesia Colegial de Santa María de Borja, Archivo</subfield>
         <subfield code="c">Borja</subfield>
         <subfield code="g">E-BOR</subfield>
      </datafield>
      <datafield tag="368" ind1=" " ind2=" ">
         <subfield code="a">Library</subfield>
      </datafield>
      <datafield tag="368" ind1=" " ind2=" ">
         <subfield code="a">Institution</subfield>
      </datafield>
      <datafield tag="371" ind1=" " ind2=" ">
         <subfield code="a">Iglesia Colegial de Santa María de,  Borja, Archivo, Pl. Nuestra Señora de la Peana, s/n, 50540 Borja, Spain</subfield>
         <subfield code="u">http://www.borja.es/museocolegiata/</subfield>
      </datafield>
      <datafield tag="551" ind1=" " ind2=" ">
         <subfield code="a">Borja</subfield>
         <subfield code="0">places/3904687</subfield>
      </datafield>
      <datafield tag="680" ind1=" " ind2=" ">
         <subfield code="a">Conserva su archivo musical, inventariado y catalogado, con los fondos siguientes: Escuela de infantes, Familia Pereda y Babil Belsué de los siglos XVI al XX. Además posee libros de atril o facistol con polifonía de Melchor Robledo, Francisco de Salas, Victoria, Palestrina, José de Torres y otros autores anónimos. Igualmente cuenta con una colección de 28 cantorales de canto llano de los siglos XVII al XVIII y música para órgano. El Museo expone una pequeña colección de instrumentos de los siglos XVII al XIX.</subfield>
      </datafield>
   </record>