
   <record>
      <leader>00000nz  a2200000nc 4500</leader>
      <controlfield tag="001">institutions/30080748</controlfield>
      <controlfield tag="003">DE-633</controlfield>
      <controlfield tag="005">20250620052133.0</controlfield>
      <controlfield tag="008">161109||||z|||a|||||||||||||||||n||||||d</controlfield>
      <datafield tag="024" ind1="7" ind2=" ">
         <subfield code="a">E-BORfc</subfield>
         <subfield code="q">siglum</subfield>
         <subfield code="2">rism</subfield>
      </datafield>
      <datafield tag="040" ind1=" " ind2=" ">
         <subfield code="a">DE-633</subfield>
         <subfield code="c">DE-633</subfield>
         <subfield code="e">rismg</subfield>
      </datafield>
      <datafield tag="043" ind1=" " ind2=" ">
         <subfield code="c">XA-ES</subfield>
      </datafield>
      <datafield tag="110" ind1="2" ind2=" ">
         <subfield code="a">Museo de la Comunidad de Franciscanas Clarisas de Borja</subfield>
         <subfield code="c">Borja</subfield>
         <subfield code="g">E-BORfc</subfield>
      </datafield>
      <datafield tag="368" ind1=" " ind2=" ">
         <subfield code="a">Institution</subfield>
      </datafield>
      <datafield tag="368" ind1=" " ind2=" ">
         <subfield code="a">Library</subfield>
      </datafield>
      <datafield tag="371" ind1=" " ind2=" ">
         <subfield code="a">Museo de la Comunidad de Franciscanas,  Clarisas de Borja, Calle del Rey, 50540 Borja, Spain</subfield>
         <subfield code="u">http://museodesantaclaraborja.blogspot.de/</subfield>
      </datafield>
      <datafield tag="410" ind1="2" ind2=" ">
         <subfield code="a">Museo de Santa Clara</subfield>
      </datafield>
      <datafield tag="551" ind1=" " ind2=" ">
         <subfield code="a">Borja</subfield>
         <subfield code="0">places/3904687</subfield>
      </datafield>
      <datafield tag="680" ind1=" " ind2=" ">
         <subfield code="a">In this convent are preserved three of the five books of liturgical music that was proposed by the Archbishop of Zaragoza Alfonso Gregorio late sixteenth century: Antiphonarium de Sanctis (1596), Antiphonarium de Tempore (1598) and Missarum de Sanctis (1598), all made in typography Pascual Perez. The two antiphonaries were studied and published in a facsimile edition sponsored by the section of early music of the Institution "Ferdinand the Catholic".</subfield>
      </datafield>
   </record>