
   <record>
      <leader>00000nz  a2200000nc 4500</leader>
      <controlfield tag="001">institutions/30001363</controlfield>
      <controlfield tag="003">DE-633</controlfield>
      <controlfield tag="005">20250620052003.0</controlfield>
      <controlfield tag="008">161109||||z|||a|||||||||||||||||n||||||d</controlfield>
      <datafield tag="024" ind1="7" ind2=" ">
         <subfield code="a">E-BUa</subfield>
         <subfield code="q">siglum</subfield>
         <subfield code="2">rism</subfield>
      </datafield>
      <datafield tag="040" ind1=" " ind2=" ">
         <subfield code="a">DE-633</subfield>
         <subfield code="c">DE-633</subfield>
         <subfield code="e">rismg</subfield>
      </datafield>
      <datafield tag="043" ind1=" " ind2=" ">
         <subfield code="c">XA-ES</subfield>
      </datafield>
      <datafield tag="110" ind1="2" ind2=" ">
         <subfield code="a">Archivo y Biblioteca Capitular de la Catedral de Burgos</subfield>
         <subfield code="c">Burgos</subfield>
         <subfield code="g">E-BUa</subfield>
      </datafield>
      <datafield tag="368" ind1=" " ind2=" ">
         <subfield code="a">Library</subfield>
      </datafield>
      <datafield tag="368" ind1=" " ind2=" ">
         <subfield code="a">Institution</subfield>
      </datafield>
      <datafield tag="371" ind1=" " ind2=" ">
         <subfield code="a">Archivo y Biblioteca Capitular de la,  Catedral de Burgos, Pl. Santa María, s/n, 09003  Burgos, Spain</subfield>
         <subfield code="u">http://www.catedraldeburgos.es/</subfield>
      </datafield>
      <datafield tag="551" ind1=" " ind2=" ">
         <subfield code="a">Burgos</subfield>
         <subfield code="0">places/3903178</subfield>
      </datafield>
      <datafield tag="667" ind1=" " ind2=" ">
         <subfield code="a">Published sources: 1</subfield>
      </datafield>
      <datafield tag="680" ind1=" " ind2=" ">
         <subfield code="a">Conserva cantorales de polifonía y composiciones de varios maestros de capilla del Renacimiento al siglo XX. Cuenta con una importante cantidad de manuscritos originales de música religiosa y profana de autores como Juan Hidalgo, Sebastián Durón, Juan García de Salazar o Francisco de las Torres.</subfield>
      </datafield>
   </record>