
   <record>
      <leader>00000nz  a2200000nc 4500</leader>
      <controlfield tag="001">institutions/30079587</controlfield>
      <controlfield tag="003">DE-633</controlfield>
      <controlfield tag="005">20250620052125.0</controlfield>
      <controlfield tag="008">161109||||z|||a|||||||||||||||||n||||||d</controlfield>
      <datafield tag="024" ind1="7" ind2=" ">
         <subfield code="a">129701432</subfield>
         <subfield code="2">VIAF</subfield>
      </datafield>
      <datafield tag="024" ind1="7" ind2=" ">
         <subfield code="a">E-BUam</subfield>
         <subfield code="q">siglum</subfield>
         <subfield code="2">rism</subfield>
      </datafield>
      <datafield tag="034" ind1="1" ind2=" ">
         <subfield code="d">-3.7048568994850815</subfield>
         <subfield code="f">42.34108276979936</subfield>
      </datafield>
      <datafield tag="040" ind1=" " ind2=" ">
         <subfield code="a">DE-633</subfield>
         <subfield code="c">DE-633</subfield>
         <subfield code="e">rismg</subfield>
      </datafield>
      <datafield tag="043" ind1=" " ind2=" ">
         <subfield code="c">XA-ES</subfield>
      </datafield>
      <datafield tag="110" ind1="1" ind2=" ">
         <subfield code="a">Archivo Municipal de Burgos</subfield>
         <subfield code="c">Burgos</subfield>
         <subfield code="g">E-BUam</subfield>
      </datafield>
      <datafield tag="368" ind1=" " ind2=" ">
         <subfield code="a">Institution</subfield>
         <subfield code="a">Library</subfield>
         <subfield code="a">Archive</subfield>
      </datafield>
      <datafield tag="371" ind1=" " ind2=" ">
         <subfield code="a">Palacio Castilfalé</subfield>
         <subfield code="a">C. de Fernán González, 60</subfield>
         <subfield code="b">09003 Burgos</subfield>
         <subfield code="c">Castilla y León</subfield>
         <subfield code="d">Spain</subfield>
         <subfield code="u">https://cultura.aytoburgos.es/archivo</subfield>
      </datafield>
      <datafield tag="551" ind1="1" ind2=" ">
         <subfield code="a">Burgos</subfield>
         <subfield code="0">places/3903178</subfield>
      </datafield>
      <datafield tag="680" ind1="1" ind2=" ">
         <subfield code="a">Custody manuscripts of many works by Antonio José (1902-1936), including those of El mozo de mulas (The muleteer), Himno a Castilla (Hymn to Castille), dances, sonnets and preludes. Also keep the piano once owned by the composer from Burgos.</subfield>
      </datafield>
   </record>