
   <record>
      <leader>00000nz  a2200000nc 4500</leader>
      <controlfield tag="001">institutions/51007180</controlfield>
      <controlfield tag="003">DE-633</controlfield>
      <controlfield tag="005">20250620052313.0</controlfield>
      <controlfield tag="008">230425||||z|||a|||||||||||||||||n||||||d</controlfield>
      <datafield tag="024" ind1="7" ind2=" ">
         <subfield code="a">134976659</subfield>
         <subfield code="2">VIAF</subfield>
      </datafield>
      <datafield tag="024" ind1="7" ind2=" ">
         <subfield code="a">E-BUd</subfield>
         <subfield code="q">siglum</subfield>
         <subfield code="2">rism</subfield>
      </datafield>
      <datafield tag="034" ind1="1" ind2=" ">
         <subfield code="d">-3.7062399036494718</subfield>
         <subfield code="f">42.33936810161812</subfield>
      </datafield>
      <datafield tag="040" ind1=" " ind2=" ">
         <subfield code="a">DE-633</subfield>
         <subfield code="c">DE-633</subfield>
         <subfield code="e">rismg</subfield>
      </datafield>
      <datafield tag="043" ind1=" " ind2=" ">
         <subfield code="c">XA-ES</subfield>
      </datafield>
      <datafield tag="110" ind1="1" ind2=" ">
         <subfield code="a">Archivo Diocesano</subfield>
         <subfield code="c">Burgos</subfield>
         <subfield code="g">E-BUd</subfield>
      </datafield>
      <datafield tag="368" ind1=" " ind2=" ">
         <subfield code="a">Institution</subfield>
         <subfield code="a">Library</subfield>
         <subfield code="a">Archive</subfield>
      </datafield>
      <datafield tag="371" ind1=" " ind2=" ">
         <subfield code="a">C/ E. Martínez del Campo, 7</subfield>
         <subfield code="b">09003 Burgos</subfield>
         <subfield code="c">Castilla y León</subfield>
         <subfield code="d">Spain</subfield>
         <subfield code="m">archivo@archiburgos.es</subfield>
         <subfield code="u">https://www.archiburgos.es/archivo-diocesano/</subfield>
         <subfield code="z">tel: +34 / 947 208 440</subfield>
      </datafield>
      <datafield tag="551" ind1="1" ind2=" ">
         <subfield code="a">Burgos</subfield>
         <subfield code="0">places/3903178</subfield>
      </datafield>
   </record>