
   <record>
      <leader>00000nz  a2200000nc 4500</leader>
      <controlfield tag="001">institutions/30002979</controlfield>
      <controlfield tag="003">DE-633</controlfield>
      <controlfield tag="005">20250620052017.0</controlfield>
      <controlfield tag="008">161109||||z|||a|||||||||||||||||n||||||d</controlfield>
      <datafield tag="024" ind1="7" ind2=" ">
         <subfield code="a">E-BUlh</subfield>
         <subfield code="q">siglum</subfield>
         <subfield code="2">rism</subfield>
      </datafield>
      <datafield tag="040" ind1=" " ind2=" ">
         <subfield code="a">DE-633</subfield>
         <subfield code="c">DE-633</subfield>
         <subfield code="e">rismg</subfield>
      </datafield>
      <datafield tag="043" ind1=" " ind2=" ">
         <subfield code="c">XA-ES</subfield>
      </datafield>
      <datafield tag="110" ind1="2" ind2=" ">
         <subfield code="a">Monasterio de Santa María la Real de las Huelgas</subfield>
         <subfield code="c">Burgos</subfield>
         <subfield code="g">E-BUlh</subfield>
      </datafield>
      <datafield tag="368" ind1=" " ind2=" ">
         <subfield code="a">Library</subfield>
      </datafield>
      <datafield tag="368" ind1=" " ind2=" ">
         <subfield code="a">Institution</subfield>
      </datafield>
      <datafield tag="371" ind1=" " ind2=" ">
         <subfield code="a">Monasterio de Santa María la Real de las,  Huelgas, c/ Compases de Huelgas, s/n, 09001 Burgos, Spain</subfield>
         <subfield code="u">http://www.patrimonionacional.es/</subfield>
      </datafield>
      <datafield tag="551" ind1=" " ind2=" ">
         <subfield code="a">Burgos</subfield>
         <subfield code="0">places/3903178</subfield>
      </datafield>
      <datafield tag="680" ind1=" " ind2=" ">
         <subfield code="a">Fundado hacia 1300. Custodia el Codex Musical de Las Huelgas (copiado en el s. XIV) único manuscrito polifónico de la Edad Media que aún se conserva en su lugar de origen y pertenece a la misma orden donde fue copiado. Contiene 186 piezas musicales compuestas desde el siglo XII hasta principios del XIV. De ellas 7 carecen de música. Sólo 179 obras están musicadas. Las formas representadas abarcan casi todas las correspondientes al Ars Antiqua: motete, conductus, órganum y secuencia Aproximadamente 145 de las piezas son polifónicas. Además conserva: un aristón, un armonio, campanas, un gramófono, dos órganos, un piano de mesa Clementi y un piano vertical.</subfield>
      </datafield>
   </record>