
   <record>
      <leader>00000nz  a2200000nc 4500</leader>
      <controlfield tag="001">institutions/30001358</controlfield>
      <controlfield tag="003">DE-633</controlfield>
      <controlfield tag="005">20250620052003.0</controlfield>
      <controlfield tag="008">161109||||z|||a|||||||||||||||||n||||||d</controlfield>
      <datafield tag="024" ind1="7" ind2=" ">
         <subfield code="a">E-Bbc</subfield>
         <subfield code="q">siglum</subfield>
         <subfield code="2">rism</subfield>
      </datafield>
      <datafield tag="034" ind1="2" ind2=" ">
         <subfield code="d">2.1703741</subfield>
         <subfield code="f">41.380465</subfield>
      </datafield>
      <datafield tag="040" ind1=" " ind2=" ">
         <subfield code="a">DE-633</subfield>
         <subfield code="c">DE-633</subfield>
         <subfield code="e">rismg</subfield>
      </datafield>
      <datafield tag="043" ind1=" " ind2=" ">
         <subfield code="c">XA-ES</subfield>
      </datafield>
      <datafield tag="110" ind1="2" ind2=" ">
         <subfield code="a">Biblioteca de Catalunya</subfield>
         <subfield code="c">Barcelona</subfield>
         <subfield code="g">E-Bbc</subfield>
      </datafield>
      <datafield tag="368" ind1=" " ind2=" ">
         <subfield code="a">Library</subfield>
      </datafield>
      <datafield tag="368" ind1=" " ind2=" ">
         <subfield code="a">Institution</subfield>
      </datafield>
      <datafield tag="371" ind1=" " ind2=" ">
         <subfield code="a">Biblioteca de Catalunya, c/ Hospital, 56, 08001 Barcelona, Spain</subfield>
         <subfield code="u">http://www.bnc.cat</subfield>
      </datafield>
      <datafield tag="410" ind1="2" ind2=" ">
         <subfield code="a">Secció de Música. Fonoteca</subfield>
      </datafield>
      <datafield tag="551" ind1=" " ind2=" ">
         <subfield code="a">Barcelona</subfield>
         <subfield code="0">places/3900254</subfield>
      </datafield>
      <datafield tag="667" ind1=" " ind2=" ">
         <subfield code="a">Published sources: 586</subfield>
      </datafield>
      <datafield tag="680" ind1=" " ind2=" ">
         <subfield code="a">Más de 50.000 obras manuscritas e impresas tanto de literatura y tratados musicales como de partituras. En su fondo antiguo destaca el Cancionero de Gandía. Custodia además unas 150 colecciones y archivos personales de compositores, musicólogos o intérpretes. Importante colección de programas de mano, carteles, documentos gráficos, registros sonoros, etc. procedentes de diversas colecciones. Posee más de 400.000 documentos entre registros sonoros y audiovisuales, destacando la colección del Archivo histórico de Radio Barcelona y la de cilindros de l’Obra del Cançoner Popular de Catalunya. En su archivo fotográfico se encuentran documentos de la colecciones de Joaquim Pena i Costa, de la Associació Wagneriana, de Pau Casals y del Centro de Documentación Musical de Cataluña. El fondo se encuentra parcialmente digitalizado y su catálogo accesible en línea. Colecciones y bibliotecas particulares de: - Isaac Albéniz - Joan Altisent - Amanci Amorós - Higini Anglés - Lluís Arnau i Palomar - Arxiu Historic de Radio Barcelona - Jaume Bachs - Conxita Badía - Joan Balcells - Josep Barberá i Humbert - Xavier Benguerel i Godó - Manuel Blancafort - Joan Borràs i de Palau - Joaquim Cassadó i Valls - Centro de Documentación Musical de Cataluña - Jordi Cervelló - Josep Anselm Clavé - Colección de cilindros de cera Regordosa-Turull - Colección de discos perforados Masana - Xavier Cugat - María Ester Sala - Robert Gerhard - Enrique Granados - Joaquim Homs - Joan Lamote de Grignon - Ricard Lamote de Grignon - Alicia de Larrocha - Joan Manen - Rafael Martínez Valls - Oriol Martorell - Isidre Molas i Font - Frederic Mompou - Enric Morera - Joaquín Nin-Culmell - Orquesta Pau Casals - Jaume Pahissa - Felip Pedrell - Miquel Querol i Gavaldà - Marcos Redondo - Anna Ricci - Josep Mª Ruera i Pinart - Josep Soler i Sardá - Cristòfor Taltabull - Francesc Taverna - Bech - Eduard Toldrá - Tórtola Valencia - Manuel Valls i Gorina - Amadeu Vives i Roig</subfield>
      </datafield>
   </record>