
   <record>
      <leader>00000nz  a2200000nc 4500</leader>
      <controlfield tag="001">institutions/30079600</controlfield>
      <controlfield tag="003">DE-633</controlfield>
      <controlfield tag="005">20250620052125.0</controlfield>
      <controlfield tag="008">161109||||z|||a|||||||||||||||||n||||||d</controlfield>
      <datafield tag="024" ind1="7" ind2=" ">
         <subfield code="a">E-Bbs</subfield>
         <subfield code="q">siglum</subfield>
         <subfield code="2">rism</subfield>
      </datafield>
      <datafield tag="040" ind1=" " ind2=" ">
         <subfield code="a">DE-633</subfield>
         <subfield code="c">DE-633</subfield>
         <subfield code="e">rismg</subfield>
      </datafield>
      <datafield tag="043" ind1=" " ind2=" ">
         <subfield code="c">XA-ES</subfield>
      </datafield>
      <datafield tag="110" ind1="2" ind2=" ">
         <subfield code="a">Biblioteca Pública Episcopal del Seminari de Barcelona</subfield>
         <subfield code="c">Barcelona</subfield>
         <subfield code="g">E-Bbs</subfield>
      </datafield>
      <datafield tag="368" ind1=" " ind2=" ">
         <subfield code="a">Institution</subfield>
      </datafield>
      <datafield tag="368" ind1=" " ind2=" ">
         <subfield code="a">Library</subfield>
      </datafield>
      <datafield tag="371" ind1=" " ind2=" ">
         <subfield code="a">Biblioteca Pública Episcopal del,  Seminari de Barcelona, c/ Diputació, 231, 08007 Barcelona, Spain</subfield>
         <subfield code="u">http://bibliotecaepiscopalbcn.org/</subfield>
      </datafield>
      <datafield tag="551" ind1=" " ind2=" ">
         <subfield code="a">Barcelona</subfield>
         <subfield code="0">places/3900254</subfield>
      </datafield>
      <datafield tag="680" ind1=" " ind2=" ">
         <subfield code="a">It has about 30 manuscripts, especially religious music, authors like Francisco Andreví (1786-1853), Francisco Viñals (1780-1838), Buenaventura Frígola (1829-1901), etc. and copies of printed music from different provenance to judge from the inscriptions and seals that are in them. Contains the musical holdings coming from the Basílica de la Merced, consisting in 676 manuscripts by known composer and 513 by an anonymous author, from the 18th to 20th centuries.</subfield>
      </datafield>
   </record>