
   <record>
      <leader>00000nz  a2200000nc 4500</leader>
      <controlfield tag="001">institutions/30006203</controlfield>
      <controlfield tag="003">DE-633</controlfield>
      <controlfield tag="005">20250620052045.0</controlfield>
      <controlfield tag="008">161109||||z|||a|||||||||||||||||n||||||d</controlfield>
      <datafield tag="024" ind1="7" ind2=" ">
         <subfield code="a">E-Bdr</subfield>
         <subfield code="q">siglum</subfield>
         <subfield code="2">rism</subfield>
      </datafield>
      <datafield tag="040" ind1=" " ind2=" ">
         <subfield code="a">DE-633</subfield>
         <subfield code="c">DE-633</subfield>
         <subfield code="e">rismg</subfield>
      </datafield>
      <datafield tag="043" ind1=" " ind2=" ">
         <subfield code="c">XA-ES</subfield>
      </datafield>
      <datafield tag="110" ind1="2" ind2=" ">
         <subfield code="a">Centre de Documentació de la Cultura Popular i Tradicional</subfield>
         <subfield code="c">Barcelona</subfield>
         <subfield code="g">E-Bdr</subfield>
      </datafield>
      <datafield tag="368" ind1=" " ind2=" ">
         <subfield code="a">Library</subfield>
      </datafield>
      <datafield tag="368" ind1=" " ind2=" ">
         <subfield code="a">Institution</subfield>
      </datafield>
      <datafield tag="371" ind1=" " ind2=" ">
         <subfield code="a">Centre de Documentació de la Cultura,  Popular i Tradicional, Edifici Filmoteca, Pl. de Salvador Seguí, 1-9, 08001 Barcelona, Spain</subfield>
         <subfield code="u">http://cultura.gencat.cat/ca/departament/estructura_i_adreces/organismes/dgcpt/</subfield>
      </datafield>
      <datafield tag="410" ind1="2" ind2=" ">
         <subfield code="a">Centre de Documentacio i Recerca de la Cultura Traditional i Popular</subfield>
      </datafield>
      <datafield tag="551" ind1=" " ind2=" ">
         <subfield code="a">Barcelona</subfield>
         <subfield code="0">places/3900254</subfield>
      </datafield>
      <datafield tag="680" ind1=" " ind2=" ">
         <subfield code="a">Este centro, dependiente de la Direcció General de Cultura Popular, Associacionisme i Acció Culturals, ha reunido durante los últimos 20 años un fondo documental sobre la cultura popular y tradicional catalana; cuenta con biblioteca, fonoteca y archivo. Los fondos que configuran este archivo se ordenan temáticamente de la siguiente manera: Archivos personales: - Joan Tomás i Parés - Josep M. Vilarmau i Cabanes - Jaume Vilalta i Sadurní Archivos musicales: - Archivo musical general (con cerca de 1800 partituras) - Obra del Cançoner Popular de Catalunya - Joan Sala i Salarich - Grup de Recerca Folklòrica d'Osona - Archivo musical de composiciones de maestros directores del Orfeó de Sants - Archivo musical de composiciones de maestros directores del Orfeó Nova Tàrrega - Antoni Botey i Badia - Archivo musical de La Beguda Alta (Anoia) - Esteve Camprubí</subfield>
      </datafield>
   </record>