
   <record>
      <leader>00000nz  a2200000nc 4500</leader>
      <controlfield tag="001">institutions/30079047</controlfield>
      <controlfield tag="003">DE-633</controlfield>
      <controlfield tag="005">20250620052121.0</controlfield>
      <controlfield tag="008">161109||||z|||a|||||||||||||||||n||||||d</controlfield>
      <datafield tag="024" ind1="7" ind2=" ">
         <subfield code="a">E-Bep</subfield>
         <subfield code="q">siglum</subfield>
         <subfield code="2">rism</subfield>
      </datafield>
      <datafield tag="040" ind1=" " ind2=" ">
         <subfield code="a">DE-633</subfield>
         <subfield code="c">DE-633</subfield>
         <subfield code="e">rismg</subfield>
      </datafield>
      <datafield tag="043" ind1=" " ind2=" ">
         <subfield code="c">XA-ES</subfield>
      </datafield>
      <datafield tag="110" ind1="2" ind2=" ">
         <subfield code="a">Arxiu Provincial de l’Escola Pia de Catalunya (APEPC)</subfield>
         <subfield code="c">Barcelona</subfield>
         <subfield code="g">E-Bep</subfield>
      </datafield>
      <datafield tag="368" ind1=" " ind2=" ">
         <subfield code="a">Institution</subfield>
      </datafield>
      <datafield tag="368" ind1=" " ind2=" ">
         <subfield code="a">Library</subfield>
      </datafield>
      <datafield tag="371" ind1=" " ind2=" ">
         <subfield code="a">Arxiu Provincial de l’Escola Pia de,  Catalunya (APEPC), Ronda de Sant Pau, 80, entresol., 08001 Barcelona, Spain</subfield>
         <subfield code="u">http://www.arxiu.escolapia.cat</subfield>
      </datafield>
      <datafield tag="410" ind1="2" ind2=" ">
         <subfield code="a">Archivo Provincial de la Escuela Pia de Catalunya (Escolapios)</subfield>
      </datafield>
      <datafield tag="551" ind1=" " ind2=" ">
         <subfield code="a">Barcelona</subfield>
         <subfield code="0">places/3900254</subfield>
      </datafield>
      <datafield tag="680" ind1=" " ind2=" ">
         <subfield code="a">Su fondo musical incluye obras de Lluís Sarret i Pons y de Jaume Roura. También incluye una colección de gozos. En su museo se pueden encontrar algunos instrumentos y objetos vinculados a Pueri Cantores.Musical holdings: XVIII-XX; Su fondo musical incluye obras de Lluís Sarret i Pons y de Jaume Roura. También incluye una colección de gozos. En su museo se pueden encontrar algunos instrumentos y objetos vinculados a Pueri Cantores.Musical holdings: XVIII-XX</subfield>
      </datafield>
   </record>