
   <record>
      <leader>00000nz  a2200000nc 4500</leader>
      <controlfield tag="001">institutions/30079599</controlfield>
      <controlfield tag="003">DE-633</controlfield>
      <controlfield tag="005">20250620052125.0</controlfield>
      <controlfield tag="008">161109||||z|||a|||||||||||||||||n||||||d</controlfield>
      <datafield tag="024" ind1="7" ind2=" ">
         <subfield code="a">E-Bes</subfield>
         <subfield code="q">siglum</subfield>
         <subfield code="2">rism</subfield>
      </datafield>
      <datafield tag="040" ind1=" " ind2=" ">
         <subfield code="a">DE-633</subfield>
         <subfield code="c">DE-633</subfield>
         <subfield code="e">rismg</subfield>
      </datafield>
      <datafield tag="043" ind1=" " ind2=" ">
         <subfield code="c">XA-ES</subfield>
      </datafield>
      <datafield tag="110" ind1="1" ind2=" ">
         <subfield code="a">Biblioteca de l’ Escola Superior de Música de Catalunya (ESMUC)</subfield>
         <subfield code="c">Barcelona</subfield>
         <subfield code="g">E-Bes</subfield>
      </datafield>
      <datafield tag="368" ind1=" " ind2=" ">
         <subfield code="a">Institution</subfield>
      </datafield>
      <datafield tag="368" ind1=" " ind2=" ">
         <subfield code="a">Library</subfield>
      </datafield>
      <datafield tag="371" ind1=" " ind2=" ">
         <subfield code="a">Biblioteca de l’ Escola Superior de,  Música de Catalunya, Edifici L'Auditori, c/ Padilla, 155, 08013 Barcelona, Spain</subfield>
         <subfield code="u">http://www.esmuc.cat/Biblioteca</subfield>
      </datafield>
      <datafield tag="551" ind1="1" ind2=" ">
         <subfield code="a">Barcelona</subfield>
         <subfield code="0">places/3900254</subfield>
      </datafield>
      <datafield tag="680" ind1="1" ind2=" ">
         <subfield code="a">Legacies and donations: - Francesc Farré - Guillermo Michel - José Ortiz de Zárate-Alufre - Victoria dels Àngels - Familia Aguilella-Salgado - Josep Maria Ainaud de Lasarte - Jordi Alcover - Rafael Blanch-Via,  - Núria e Inmaculada Figueras-Anmella - Miquel Gaspà Bertran - Salvador Mas-Conde - Joan Pera-Talamás</subfield>
      </datafield>
   </record>