
   <record>
      <leader>00000nz  a2200000nc 4500</leader>
      <controlfield tag="001">institutions/30001359</controlfield>
      <controlfield tag="003">DE-633</controlfield>
      <controlfield tag="005">20250620052003.0</controlfield>
      <controlfield tag="008">161109||||z|||a|||||||||||||||||n||||||d</controlfield>
      <datafield tag="024" ind1="7" ind2=" ">
         <subfield code="a">E-Bim</subfield>
         <subfield code="q">siglum</subfield>
         <subfield code="2">rism</subfield>
      </datafield>
      <datafield tag="040" ind1=" " ind2=" ">
         <subfield code="a">DE-633</subfield>
         <subfield code="c">DE-633</subfield>
         <subfield code="e">rismg</subfield>
      </datafield>
      <datafield tag="043" ind1=" " ind2=" ">
         <subfield code="c">XA-ES</subfield>
      </datafield>
      <datafield tag="110" ind1="2" ind2=" ">
         <subfield code="a">Institución Milá y Fontanals</subfield>
         <subfield code="c">Barcelona</subfield>
         <subfield code="g">E-Bim</subfield>
      </datafield>
      <datafield tag="368" ind1=" " ind2=" ">
         <subfield code="a">Library</subfield>
      </datafield>
      <datafield tag="368" ind1=" " ind2=" ">
         <subfield code="a">Institution</subfield>
      </datafield>
      <datafield tag="371" ind1=" " ind2=" ">
         <subfield code="a">Institución Milá y Fontanals, c/ Egipcíaques, 15 3º, 08001 Barcelona, Spain</subfield>
         <subfield code="u">http://www.imf.csic.es/imf/</subfield>
      </datafield>
      <datafield tag="410" ind1="2" ind2=" ">
         <subfield code="a">Consejo Superior de Investigaciones Científicas (CSIC) en Cataluña</subfield>
      </datafield>
      <datafield tag="551" ind1=" " ind2=" ">
         <subfield code="a">Barcelona</subfield>
         <subfield code="0">places/3900254</subfield>
      </datafield>
      <datafield tag="667" ind1=" " ind2=" ">
         <subfield code="a">Published sources: 7</subfield>
      </datafield>
      <datafield tag="680" ind1=" " ind2=" ">
         <subfield code="a">El fondo bibliográfico consta de 60.000 monografías, 2.256 títulos de publicaciones periódicas, partituras, entre ellas 8.000 gozos (goigs), microfichas, microfilms y mapas relacionados con Antropología, Arqueología, Estudios Medievales, Etnografía, Historia de la Ciencia, Musicología y Sociología.  Conserva un cuaderno de música que contiene más de 50 obras de polifonía sacra de compositores como Morales, Guerrero, Francisco de Tapia, Jorge de Santa María o Alonso Lobo. Se ha puesto en marcha un proyecto para digitalizar y difundir por medio de un portal web las canciones y danzas del Fondo de Música Tradicional. El catálogo de todos sus fondos es consultable en línea. Posee los siguientes fondos: - Fondo Anselmo González del Valle - Archivo de Etnografía y Folklore de Cataluña (AEFC)</subfield>
      </datafield>
   </record>