
   <record>
      <leader>00000nz  a2200000nc 4500</leader>
      <controlfield tag="001">institutions/30005459</controlfield>
      <controlfield tag="003">DE-633</controlfield>
      <controlfield tag="005">20250620052039.0</controlfield>
      <controlfield tag="008">161109||||z|||a|||||||||||||||||n||||||d</controlfield>
      <datafield tag="024" ind1="7" ind2=" ">
         <subfield code="a">E-Bir</subfield>
         <subfield code="q">siglum</subfield>
         <subfield code="2">rism</subfield>
      </datafield>
      <datafield tag="040" ind1=" " ind2=" ">
         <subfield code="a">DE-633</subfield>
         <subfield code="c">DE-633</subfield>
         <subfield code="e">rismg</subfield>
      </datafield>
      <datafield tag="043" ind1=" " ind2=" ">
         <subfield code="c">XA-ES</subfield>
      </datafield>
      <datafield tag="110" ind1="2" ind2=" ">
         <subfield code="a">Institut de Documentació i d’Investigació Musicològiques "Josep Ricart i Matas"</subfield>
         <subfield code="c">Barcelona</subfield>
         <subfield code="g">E-Bir</subfield>
      </datafield>
      <datafield tag="368" ind1=" " ind2=" ">
         <subfield code="a">Library</subfield>
      </datafield>
      <datafield tag="368" ind1=" " ind2=" ">
         <subfield code="a">Institution</subfield>
      </datafield>
      <datafield tag="371" ind1=" " ind2=" ">
         <subfield code="a">Institut de Documentació i,  d’Investigació Musicològiques "Josep,  Ricart i Matas", Av. República Argentina, 1 1º, 08023 Barcelona, Spain</subfield>
         <subfield code="u">https://sites.google.com/site/imricartimatas/imricartimatas</subfield>
      </datafield>
      <datafield tag="410" ind1="2" ind2=" ">
         <subfield code="a">Instituto de Investigación Musicológica "Josep Ricart i Matas" de la Universidad Autónoma de Barcelona</subfield>
      </datafield>
      <datafield tag="551" ind1=" " ind2=" ">
         <subfield code="a">Barcelona</subfield>
         <subfield code="0">places/3900254</subfield>
      </datafield>
      <datafield tag="680" ind1=" " ind2=" ">
         <subfield code="a">Cuenta con los manuscritos e inventario microfilmados del archivo parroquial de San Pedro de Canet de Mar. Fondos: - Ricard Viñes - Apel.les Mestres - Ricart i Matas</subfield>
      </datafield>
   </record>