
   <record>
      <leader>00000nz  a2200000nc 4500</leader>
      <controlfield tag="001">institutions/30003287</controlfield>
      <controlfield tag="003">DE-633</controlfield>
      <controlfield tag="005">20250620052020.0</controlfield>
      <controlfield tag="008">161109||||z|||a|||||||||||||||||n||||||d</controlfield>
      <datafield tag="024" ind1="7" ind2=" ">
         <subfield code="a">E-Bit</subfield>
         <subfield code="q">siglum</subfield>
         <subfield code="2">rism</subfield>
      </datafield>
      <datafield tag="040" ind1=" " ind2=" ">
         <subfield code="a">DE-633</subfield>
         <subfield code="c">DE-633</subfield>
         <subfield code="e">rismg</subfield>
      </datafield>
      <datafield tag="043" ind1=" " ind2=" ">
         <subfield code="c">XA-ES</subfield>
      </datafield>
      <datafield tag="110" ind1="2" ind2=" ">
         <subfield code="a">Centre de Documentació i Museu de les Arts Escèniques (MAE) - Institut del Teatre</subfield>
         <subfield code="c">Barcelona</subfield>
         <subfield code="g">E-Bit</subfield>
      </datafield>
      <datafield tag="368" ind1=" " ind2=" ">
         <subfield code="a">Library</subfield>
      </datafield>
      <datafield tag="368" ind1=" " ind2=" ">
         <subfield code="a">Institution</subfield>
      </datafield>
      <datafield tag="371" ind1=" " ind2=" ">
         <subfield code="a">Centre de Documentació i Museu de les,  Arts Escèniques (MAE) - Institut del,  Teatre, Pza. Margarida Xirgu, s/n, 08004 Barcelona, Spain</subfield>
         <subfield code="u">http://www.cdmae.cat/</subfield>
      </datafield>
      <datafield tag="410" ind1="2" ind2=" ">
         <subfield code="a">Instituto del Teatro, Biblioteca-Museo</subfield>
      </datafield>
      <datafield tag="410" ind1="2" ind2=" ">
         <subfield code="a">Museo del Arte Escénico</subfield>
      </datafield>
      <datafield tag="551" ind1=" " ind2=" ">
         <subfield code="a">Barcelona</subfield>
         <subfield code="0">places/3900254</subfield>
      </datafield>
      <datafield tag="680" ind1=" " ind2=" ">
         <subfield code="a">- Fondo Emilio Cotarelo y Mori (Emilio Cotarelo-Mori collection): about 3,000 titles in rare editions of the 17th  century  - Fondo personal de Victoria de los Ángeles (Victoria de los Angeles' personal collection) - Teatre Romea (Romea Theatre) - Teatre Malic (Malic Theatre) - José de Udaeta (collection of nearly 300 castanets) - Celestino Sarobe - Francesc Víñas. Have a wealth of digitized documents.  The catalog is available online: www.colleccions.cdmae.cat</subfield>
      </datafield>
   </record>