
   <record>
      <leader>00000nz  a2200000nc 4500</leader>
      <controlfield tag="001">institutions/30005460</controlfield>
      <controlfield tag="003">DE-633</controlfield>
      <controlfield tag="005">20250620052039.0</controlfield>
      <controlfield tag="008">161109||||z|||a|||||||||||||||||n||||||d</controlfield>
      <datafield tag="024" ind1="7" ind2=" ">
         <subfield code="a">E-Bmi</subfield>
         <subfield code="q">siglum</subfield>
         <subfield code="2">rism</subfield>
      </datafield>
      <datafield tag="040" ind1=" " ind2=" ">
         <subfield code="a">DE-633</subfield>
         <subfield code="c">DE-633</subfield>
         <subfield code="e">rismg</subfield>
      </datafield>
      <datafield tag="043" ind1=" " ind2=" ">
         <subfield code="c">XA-ES</subfield>
      </datafield>
      <datafield tag="110" ind1="2" ind2=" ">
         <subfield code="a">Museu de la Música</subfield>
         <subfield code="c">Barcelona</subfield>
         <subfield code="g">E-Bmi</subfield>
      </datafield>
      <datafield tag="368" ind1=" " ind2=" ">
         <subfield code="a">Library</subfield>
      </datafield>
      <datafield tag="368" ind1=" " ind2=" ">
         <subfield code="a">Institution</subfield>
      </datafield>
      <datafield tag="371" ind1=" " ind2=" ">
         <subfield code="a">Museu de la Música, L'Auditori, c/ Lepant, 150, 08013 Barcelona, Spain</subfield>
         <subfield code="u">http://w110.bcn.cat/portal/site/MuseuDeLaMusica</subfield>
      </datafield>
      <datafield tag="410" ind1="2" ind2=" ">
         <subfield code="a">Museo de Instrumentos Musicales</subfield>
      </datafield>
      <datafield tag="551" ind1=" " ind2=" ">
         <subfield code="a">Barcelona</subfield>
         <subfield code="0">places/3900254</subfield>
      </datafield>
      <datafield tag="680" ind1=" " ind2=" ">
         <subfield code="a">Las colecciones del Museo de la Música presentan tres fondos patrimoniales, instrumental, sonoro y archivístico, fruto de una serie de legados, donaciones y adquisiciones. . Fondo instrumental: comprende instrumentos de todas partes del mundo y de todas las épocas, desde las culturas precolombinas hasta el siglo XX. . Archivo histórico: con un fondo de 12.000 documentos, incluye donaciones y legados de compositores e intérpretes estrechamente ligados a la cultura musical barcelonesa.  . Fondo sonoro: dispone de unas 7.800 piezas, en las que se encuentran representados los estadios evolutivos de la grabación digital o analógica de la música. Custodia también un importante fondo fotográfico. Cuenta con una biblioteca con unas 3.000 monografías y 20 revistas especializadas en organología. Conserva los siguientes fondo y legados: - Isaac Albéniz - Enrique Granados - Joaquim Malats - Joan Manén - Emili Pujol - Miquel Llobet - Ars Musicae,  - Lamaña - Nelly van Ree Bernard - Jordi Òdena - Enric Morera - Felip Pedrell - Cristòfol Taltabull Además tutela los fondos de: - Joan Guinjoan - Banda Municipal de Barcelona - Associació Wagneriana</subfield>
      </datafield>
   </record>