
   <record>
      <leader>00000nz  a2200000nc 4500</leader>
      <controlfield tag="001">institutions/30001360</controlfield>
      <controlfield tag="003">DE-633</controlfield>
      <controlfield tag="005">20250620052003.0</controlfield>
      <controlfield tag="008">161109||||z|||a|||||||||||||||||n||||||d</controlfield>
      <datafield tag="024" ind1="7" ind2=" ">
         <subfield code="a">E-Boc</subfield>
         <subfield code="q">siglum</subfield>
         <subfield code="2">rism</subfield>
      </datafield>
      <datafield tag="040" ind1=" " ind2=" ">
         <subfield code="a">DE-633</subfield>
         <subfield code="c">DE-633</subfield>
         <subfield code="e">rismg</subfield>
      </datafield>
      <datafield tag="043" ind1=" " ind2=" ">
         <subfield code="c">XA-ES</subfield>
      </datafield>
      <datafield tag="110" ind1="2" ind2=" ">
         <subfield code="a">Centre de Documentació de l’Orfeó Català</subfield>
         <subfield code="c">Barcelona</subfield>
         <subfield code="g">E-Boc</subfield>
      </datafield>
      <datafield tag="368" ind1=" " ind2=" ">
         <subfield code="a">Library</subfield>
      </datafield>
      <datafield tag="368" ind1=" " ind2=" ">
         <subfield code="a">Institution</subfield>
      </datafield>
      <datafield tag="371" ind1=" " ind2=" ">
         <subfield code="a">Centre de Documentació de l’Orfeó Català, Palau de la Música, 4-6, 08003 Barcelona, Spain</subfield>
         <subfield code="u">http://www.orfeocatala.cat</subfield>
      </datafield>
      <datafield tag="410" ind1="2" ind2=" ">
         <subfield code="a">Centro de Documentación del Orfeó Català</subfield>
      </datafield>
      <datafield tag="410" ind1="2" ind2=" ">
         <subfield code="a">Biblioteca Orfeó Catalá</subfield>
      </datafield>
      <datafield tag="551" ind1=" " ind2=" ">
         <subfield code="a">Barcelona</subfield>
         <subfield code="0">places/3900254</subfield>
      </datafield>
      <datafield tag="667" ind1=" " ind2=" ">
         <subfield code="a">Published sources: 13</subfield>
      </datafield>
      <datafield tag="680" ind1=" " ind2=" ">
         <subfield code="a">Among his important musical documents include: the first edition of the Ensaladas by Mateo Flecha (1481-1553), a manuscript with Plain chant from the 11th century, holographic Masses by the renaissance composers Cristóbal de Morales and Giovanni Pierluigi da Palestrina, manuscripts with keyboard repertoire of composers like Antonio Soler, Domenico Scarlatti, Carles Baguer (1768-1808), the Canto de la Sibila (Song of the Sibyl) dated in Barcelona in 1583, and, from the 19th and 20th centuries, notably: the manuscript of the Suite Iberia by Isaac Albéniz, some autograph manuscripts by Enrique Granados and manuscripts of composers of the 19th and 20th centuries by Pep Ventura (1817-1875) or Juli Garreta (1875-1925). All that, in addition to individual donations and private legacies: Francesc Pujol, Joan B. Lambert, Vicenç M. de Gibert, Joan Llongueres, Gallardo-Matheu, Josep Rodoreda, Amadeu Vives, Carles G. Vidiella, Joan Salvat, Blanche Selva, Carreras i Bulbena, Lluís Romeu, Josep A. Clavé, Pep Ventura or Juli Garreta, among others.</subfield>
      </datafield>
   </record>