
   <record>
      <leader>00000nz  a2200000nc 4500</leader>
      <controlfield tag="001">institutions/30005484</controlfield>
      <controlfield tag="003">DE-633</controlfield>
      <controlfield tag="005">20250620052039.0</controlfield>
      <controlfield tag="008">161109||||z|||a|||||||||||||||||n||||||d</controlfield>
      <datafield tag="024" ind1="7" ind2=" ">
         <subfield code="a">E-Bp</subfield>
         <subfield code="q">siglum</subfield>
         <subfield code="2">rism</subfield>
      </datafield>
      <datafield tag="040" ind1=" " ind2=" ">
         <subfield code="a">DE-633</subfield>
         <subfield code="c">DE-633</subfield>
         <subfield code="e">rismg</subfield>
      </datafield>
      <datafield tag="043" ind1=" " ind2=" ">
         <subfield code="c">XA-ES</subfield>
      </datafield>
      <datafield tag="110" ind1="2" ind2=" ">
         <subfield code="a">Arxiu històric de la Basílica de Santa Maria del Pi</subfield>
         <subfield code="c">Barcelona</subfield>
         <subfield code="g">E-Bp</subfield>
      </datafield>
      <datafield tag="368" ind1=" " ind2=" ">
         <subfield code="a">Library</subfield>
      </datafield>
      <datafield tag="368" ind1=" " ind2=" ">
         <subfield code="a">Institution</subfield>
      </datafield>
      <datafield tag="371" ind1=" " ind2=" ">
         <subfield code="a">Arxiu històric de la Basílica de Santa,  Maria del Pi, Pl. del Pi, 7, 08002 Barcelona, Spain</subfield>
         <subfield code="u">http://www.apsmp.cat/</subfield>
      </datafield>
      <datafield tag="410" ind1="2" ind2=" ">
         <subfield code="a">Archivo histórico de la Basílica de Santa Maria del Pi</subfield>
      </datafield>
      <datafield tag="551" ind1=" " ind2=" ">
         <subfield code="a">Barcelona</subfield>
         <subfield code="0">places/3900254</subfield>
      </datafield>
      <datafield tag="680" ind1=" " ind2=" ">
         <subfield code="a">Importante archivo musical con cerca de 2.000 manuscritos de los siglos XVII al XX y partituras impresas del XIX y XX. - Fondo BaldellóMusical holdings: XVI-XX Contact person: Jordi Sacasas; Importante archivo musical con cerca de 2.000 manuscritos de los siglos XVII al XX y partituras impresas del XIX y XX. - Fondo BaldellóMusical holdings: XVI-XX Contact person: Jordi Sacasas</subfield>
      </datafield>
   </record>