
   <record>
      <leader>00000nz  a2200000nc 4500</leader>
      <controlfield tag="001">institutions/51007303</controlfield>
      <controlfield tag="003">DE-633</controlfield>
      <controlfield tag="005">20250620052314.0</controlfield>
      <controlfield tag="008">230801||||z|||a|||||||||||||||||n||||||d</controlfield>
      <datafield tag="024" ind1="7" ind2=" ">
         <subfield code="a">157545276</subfield>
         <subfield code="2">VIAF</subfield>
      </datafield>
      <datafield tag="024" ind1="7" ind2=" ">
         <subfield code="a">Q337421</subfield>
         <subfield code="2">WKP</subfield>
      </datafield>
      <datafield tag="024" ind1="7" ind2=" ">
         <subfield code="a">E-Brabl</subfield>
         <subfield code="q">siglum</subfield>
         <subfield code="2">rism</subfield>
      </datafield>
      <datafield tag="034" ind1="1" ind2=" ">
         <subfield code="d">2.178761067454727</subfield>
         <subfield code="f">41.38318538378112</subfield>
      </datafield>
      <datafield tag="040" ind1=" " ind2=" ">
         <subfield code="a">DE-633</subfield>
         <subfield code="c">DE-633</subfield>
         <subfield code="e">rismg</subfield>
      </datafield>
      <datafield tag="043" ind1=" " ind2=" ">
         <subfield code="c">XA-ES</subfield>
      </datafield>
      <datafield tag="110" ind1="1" ind2=" ">
         <subfield code="a">Reial Acadèmia de Bones Lletres, Arxiu i Biblioteca</subfield>
         <subfield code="c">Barcelona</subfield>
         <subfield code="g">E-Brabl</subfield>
      </datafield>
      <datafield tag="368" ind1=" " ind2=" ">
         <subfield code="a">Institution</subfield>
         <subfield code="a">Archive</subfield>
         <subfield code="a">Library</subfield>
      </datafield>
      <datafield tag="371" ind1=" " ind2=" ">
         <subfield code="a">Carrer del Bisbe Caçador, 3</subfield>
         <subfield code="b">08002 Barcelona</subfield>
         <subfield code="c">Catalunya</subfield>
         <subfield code="d">Spain</subfield>
         <subfield code="m">bones-lletres@boneslletres.cat</subfield>
         <subfield code="u">http://www.boneslletres.cat/arxiu_biblioteca.asp</subfield>
         <subfield code="z">tel: +34 / 93 315 00 10</subfield>
      </datafield>
      <datafield tag="551" ind1="1" ind2=" ">
         <subfield code="a">Barcelona</subfield>
         <subfield code="0">places/3900254</subfield>
      </datafield>
   </record>