
   <record>
      <leader>00000nz  a2200000nc 4500</leader>
      <controlfield tag="001">institutions/30070410</controlfield>
      <controlfield tag="003">DE-633</controlfield>
      <controlfield tag="005">20250620052106.0</controlfield>
      <controlfield tag="008">161109||||z|||a|||||||||||||||||n||||||d</controlfield>
      <datafield tag="024" ind1="7" ind2=" ">
         <subfield code="a">E-Bsp</subfield>
         <subfield code="q">siglum</subfield>
         <subfield code="2">rism</subfield>
      </datafield>
      <datafield tag="040" ind1=" " ind2=" ">
         <subfield code="a">DE-633</subfield>
         <subfield code="c">DE-633</subfield>
         <subfield code="e">rismg</subfield>
      </datafield>
      <datafield tag="043" ind1=" " ind2=" ">
         <subfield code="c">XA-ES</subfield>
      </datafield>
      <datafield tag="110" ind1="2" ind2=" ">
         <subfield code="a">Arxiu del Monestir de Sant Pere de les Puel•les (AMSPP)</subfield>
         <subfield code="c">Barcelona</subfield>
         <subfield code="g">E-Bsp</subfield>
      </datafield>
      <datafield tag="368" ind1=" " ind2=" ">
         <subfield code="a">Institution</subfield>
      </datafield>
      <datafield tag="368" ind1=" " ind2=" ">
         <subfield code="a">Library</subfield>
      </datafield>
      <datafield tag="371" ind1=" " ind2=" ">
         <subfield code="a">Arxiu del Monestir de Sant Pere de les,  Puel•les (AMSPP), Carrer de Lluís el Piadós, 1, 08003 Barcelona, Spain</subfield>
         <subfield code="u">http://www.benedictinescat.com/StPere/cat/arxiu.htm</subfield>
      </datafield>
      <datafield tag="551" ind1=" " ind2=" ">
         <subfield code="a">Barcelona</subfield>
         <subfield code="0">places/3900254</subfield>
      </datafield>
      <datafield tag="680" ind1=" " ind2=" ">
         <subfield code="a">The documentary contains a collection of 14 choir books, from 15th to 18th centuries. It has a collection of gozos (joyful songs for Virgin Mary's pregnancy), with diverse thematic and origin.</subfield>
      </datafield>
   </record>