
   <record>
      <leader>00000nz  a2200000nc 4500</leader>
      <controlfield tag="001">institutions/30079602</controlfield>
      <controlfield tag="003">DE-633</controlfield>
      <controlfield tag="005">20250620052125.0</controlfield>
      <controlfield tag="008">161109||||z|||a|||||||||||||||||n||||||d</controlfield>
      <datafield tag="024" ind1="7" ind2=" ">
         <subfield code="a">E-CAM</subfield>
         <subfield code="q">siglum</subfield>
         <subfield code="2">rism</subfield>
      </datafield>
      <datafield tag="040" ind1=" " ind2=" ">
         <subfield code="a">DE-633</subfield>
         <subfield code="c">DE-633</subfield>
         <subfield code="e">rismg</subfield>
      </datafield>
      <datafield tag="043" ind1=" " ind2=" ">
         <subfield code="c">XA-ES</subfield>
      </datafield>
      <datafield tag="110" ind1="2" ind2=" ">
         <subfield code="a">Museu Isaac Albéniz</subfield>
         <subfield code="c">Camprodón</subfield>
         <subfield code="g">E-CAM</subfield>
      </datafield>
      <datafield tag="368" ind1=" " ind2=" ">
         <subfield code="a">Institution</subfield>
      </datafield>
      <datafield tag="368" ind1=" " ind2=" ">
         <subfield code="a">Library</subfield>
      </datafield>
      <datafield tag="371" ind1=" " ind2=" ">
         <subfield code="a">Museu Isaac Albéniz, Ajuntament de Camprodon, Pza. d’Espanya, 1, 17867 Camprodón, Spain</subfield>
         <subfield code="u">http://albeniz.cat/</subfield>
      </datafield>
      <datafield tag="551" ind1=" " ind2=" ">
         <subfield code="a">Camprodón</subfield>
         <subfield code="0">places/3023477</subfield>
      </datafield>
      <datafield tag="680" ind1=" " ind2=" ">
         <subfield code="a">Extensive documentation on Isaac Albéniz (1860-1909), such as letters, sheet music, manuscripts and original editions of his works, books about his personality, personal objects, paintings, portraits, etc. In addition to the piano he played when he was less than 3 years and the magnificent Bechstein grand piano that Money-Coutts, his patron and librettist, gave Henrietta, daughter of the composer.</subfield>
      </datafield>
   </record>