
   <record>
      <leader>00000nz  a2200000nc 4500</leader>
      <controlfield tag="001">institutions/30003289</controlfield>
      <controlfield tag="003">DE-633</controlfield>
      <controlfield tag="005">20250620052020.0</controlfield>
      <controlfield tag="008">161109||||z|||a|||||||||||||||||n||||||d</controlfield>
      <datafield tag="024" ind1="7" ind2=" ">
         <subfield code="a">E-CAR</subfield>
         <subfield code="q">siglum</subfield>
         <subfield code="2">rism</subfield>
      </datafield>
      <datafield tag="040" ind1=" " ind2=" ">
         <subfield code="a">DE-633</subfield>
         <subfield code="c">DE-633</subfield>
         <subfield code="e">rismg</subfield>
      </datafield>
      <datafield tag="043" ind1=" " ind2=" ">
         <subfield code="c">XA-ES</subfield>
      </datafield>
      <datafield tag="110" ind1="2" ind2=" ">
         <subfield code="a">Arxiu Històric de Cardona</subfield>
         <subfield code="c">Cardona</subfield>
         <subfield code="g">E-CAR</subfield>
      </datafield>
      <datafield tag="368" ind1=" " ind2=" ">
         <subfield code="a">Library</subfield>
      </datafield>
      <datafield tag="368" ind1=" " ind2=" ">
         <subfield code="a">Institution</subfield>
      </datafield>
      <datafield tag="371" ind1=" " ind2=" ">
         <subfield code="a">Arxiu Històric de Cardona, c/ Graells, 37-39, 08261 Cardona, Spain</subfield>
      </datafield>
      <datafield tag="410" ind1="2" ind2=" ">
         <subfield code="a">Archivo Comunal</subfield>
      </datafield>
      <datafield tag="551" ind1=" " ind2=" ">
         <subfield code="a">Cardona</subfield>
         <subfield code="0">places/3903768</subfield>
      </datafield>
      <datafield tag="680" ind1=" " ind2=" ">
         <subfield code="a">Custodia documentos de los siglos X al XX.</subfield>
      </datafield>
   </record>