
   <record>
      <leader>00000nz  a2200000nc 4500</leader>
      <controlfield tag="001">institutions/30079641</controlfield>
      <controlfield tag="003">DE-633</controlfield>
      <controlfield tag="005">20250620052125.0</controlfield>
      <controlfield tag="008">161109||||z|||a|||||||||||||||||n||||||d</controlfield>
      <datafield tag="024" ind1="7" ind2=" ">
         <subfield code="a">E-CCRc</subfield>
         <subfield code="q">siglum</subfield>
         <subfield code="2">rism</subfield>
      </datafield>
      <datafield tag="040" ind1=" " ind2=" ">
         <subfield code="a">DE-633</subfield>
         <subfield code="c">DE-633</subfield>
         <subfield code="e">rismg</subfield>
      </datafield>
      <datafield tag="043" ind1=" " ind2=" ">
         <subfield code="c">XA-ES</subfield>
      </datafield>
      <datafield tag="110" ind1="2" ind2=" ">
         <subfield code="a">Archivo Musical de la Concatedral de Cáceres</subfield>
         <subfield code="c">Cáceres</subfield>
         <subfield code="g">E-CCRc</subfield>
      </datafield>
      <datafield tag="368" ind1=" " ind2=" ">
         <subfield code="a">Institution</subfield>
      </datafield>
      <datafield tag="368" ind1=" " ind2=" ">
         <subfield code="a">Library</subfield>
      </datafield>
      <datafield tag="371" ind1=" " ind2=" ">
         <subfield code="a">Archivo Musical de la Concatedral de,  Cáceres, Seminario Diocesano, Pza. de Santa María, 1, 10003  Cáceres, Spain</subfield>
         <subfield code="u">http://www.cabildocc.blogspot.com.es/2011/03/el-archivo-musical-de-la-concatedral.html</subfield>
      </datafield>
      <datafield tag="551" ind1=" " ind2=" ">
         <subfield code="a">Cáceres</subfield>
         <subfield code="0">places/3905560</subfield>
      </datafield>
      <datafield tag="680" ind1=" " ind2=" ">
         <subfield code="a">Inventory and cataloging of this archive ended in 2007 with the completion of the last sections (Choirbooks and notebooks, kept in the boxes by the Choir stalls and on the top of the Chapter room and museum). It is divided into seven parts: Sacred Music, Music Profane, journals, manuscripts, notebooks, choirbooks and Annex I (catalographic cards on Sacred Music).</subfield>
      </datafield>
   </record>