
   <record>
      <leader>00000nz  a2200000nc 4500</leader>
      <controlfield tag="001">institutions/30079618</controlfield>
      <controlfield tag="003">DE-633</controlfield>
      <controlfield tag="005">20250620052125.0</controlfield>
      <controlfield tag="008">161109||||z|||a|||||||||||||||||n||||||d</controlfield>
      <datafield tag="024" ind1="7" ind2=" ">
         <subfield code="a">E-CE</subfield>
         <subfield code="q">siglum</subfield>
         <subfield code="2">rism</subfield>
      </datafield>
      <datafield tag="040" ind1=" " ind2=" ">
         <subfield code="a">DE-633</subfield>
         <subfield code="c">DE-633</subfield>
         <subfield code="e">rismg</subfield>
      </datafield>
      <datafield tag="043" ind1=" " ind2=" ">
         <subfield code="c">XA-ES</subfield>
      </datafield>
      <datafield tag="110" ind1="2" ind2=" ">
         <subfield code="a">Catedral Nuestra Señora de la Asunción de Ceuta. Archivo Musical</subfield>
         <subfield code="c">Ceuta</subfield>
         <subfield code="g">E-CE</subfield>
      </datafield>
      <datafield tag="368" ind1=" " ind2=" ">
         <subfield code="a">Institution</subfield>
      </datafield>
      <datafield tag="368" ind1=" " ind2=" ">
         <subfield code="a">Library</subfield>
      </datafield>
      <datafield tag="371" ind1=" " ind2=" ">
         <subfield code="a">Catedral Nuestra Señora de la Asunción,  de Ceuta. Archivo Musical, Pza. de Nuestra Señora de África, s/n, 51001 Ceuta, Spain</subfield>
      </datafield>
      <datafield tag="551" ind1=" " ind2=" ">
         <subfield code="a">Ceuta</subfield>
         <subfield code="0">places/3905554</subfield>
      </datafield>
      <datafield tag="680" ind1=" " ind2=" ">
         <subfield code="a">Houses 31 musical documents, mostly prior to the 20th century. 10 are theoretical essays about music, sheet music and repertoire of Gregorian chant. 17 are plainchant choirbooks, and 1 polyphonic choirbook, signed by Luis Giner in 1774.</subfield>
      </datafield>
   </record>