
   <record>
      <leader>00000nz  a2200000nc 4500</leader>
      <controlfield tag="001">institutions/30001368</controlfield>
      <controlfield tag="003">DE-633</controlfield>
      <controlfield tag="005">20250620052003.0</controlfield>
      <controlfield tag="008">161109||||z|||a|||||||||||||||||n||||||d</controlfield>
      <datafield tag="024" ind1="7" ind2=" ">
         <subfield code="a">E-CU</subfield>
         <subfield code="q">siglum</subfield>
         <subfield code="2">rism</subfield>
      </datafield>
      <datafield tag="040" ind1=" " ind2=" ">
         <subfield code="a">DE-633</subfield>
         <subfield code="c">DE-633</subfield>
         <subfield code="e">rismg</subfield>
      </datafield>
      <datafield tag="043" ind1=" " ind2=" ">
         <subfield code="c">XA-ES</subfield>
      </datafield>
      <datafield tag="110" ind1="2" ind2=" ">
         <subfield code="a">Archivo Capitular de la Santa Iglesia Catedral Basílica de Cuenca</subfield>
         <subfield code="c">Cuenca</subfield>
         <subfield code="g">E-CU</subfield>
      </datafield>
      <datafield tag="368" ind1=" " ind2=" ">
         <subfield code="a">Library</subfield>
      </datafield>
      <datafield tag="368" ind1=" " ind2=" ">
         <subfield code="a">Institution</subfield>
      </datafield>
      <datafield tag="371" ind1=" " ind2=" ">
         <subfield code="a">Archivo Capitular de la Santa Iglesia,  Catedral Basílica de Cuenca, Pl. Mayor de Pío XII, s/n, 16004 Cuenca, Spain</subfield>
      </datafield>
      <datafield tag="551" ind1=" " ind2=" ">
         <subfield code="a">Cuenca</subfield>
         <subfield code="0">places/3900074</subfield>
      </datafield>
      <datafield tag="667" ind1=" " ind2=" ">
         <subfield code="a">Published sources: 12</subfield>
      </datafield>
      <datafield tag="680" ind1=" " ind2=" ">
         <subfield code="a">Conserva las obras musicales que los maestros de capilla tenían obligación de realizar para los distintos tiempos litúrgicos y festividades de la catedral, así como los acontecimientos de importancia ocurridos en la ciudad. Las partituras más antiguas se remontan al siglo XV, cuenta también con una colección de cantorales de los siglos XVI al XIX, y ediciones impresas del mismo periodo que contienen misas, motetes, e himnos de compositores españoles e italianos.</subfield>
      </datafield>
   </record>