
   <record>
      <leader>00000nz  a2200000nc 4500</leader>
      <controlfield tag="001">institutions/30005465</controlfield>
      <controlfield tag="003">DE-633</controlfield>
      <controlfield tag="005">20250620052039.0</controlfield>
      <controlfield tag="008">161109||||z|||a|||||||||||||||||n||||||d</controlfield>
      <datafield tag="024" ind1="7" ind2=" ">
         <subfield code="a">E-CZm</subfield>
         <subfield code="q">siglum</subfield>
         <subfield code="2">rism</subfield>
      </datafield>
      <datafield tag="040" ind1=" " ind2=" ">
         <subfield code="a">DE-633</subfield>
         <subfield code="c">DE-633</subfield>
         <subfield code="e">rismg</subfield>
      </datafield>
      <datafield tag="043" ind1=" " ind2=" ">
         <subfield code="c">XA-ES</subfield>
      </datafield>
      <datafield tag="110" ind1="2" ind2=" ">
         <subfield code="a">Archivo Histórico Municipal</subfield>
         <subfield code="c">Cádiz</subfield>
         <subfield code="g">E-CZm</subfield>
      </datafield>
      <datafield tag="368" ind1=" " ind2=" ">
         <subfield code="a">Library</subfield>
      </datafield>
      <datafield tag="368" ind1=" " ind2=" ">
         <subfield code="a">Institution</subfield>
      </datafield>
      <datafield tag="371" ind1=" " ind2=" ">
         <subfield code="a">Archivo Histórico Municipal, c/ Isabel la Católica, 11, 11071 Cádiz, Spain</subfield>
         <subfield code="u">http://institucional.cadiz.es/area/Archivo%20Hist%C3%B3rico/238</subfield>
      </datafield>
      <datafield tag="410" ind1="2" ind2=" ">
         <subfield code="a">Archivo Municipal</subfield>
      </datafield>
      <datafield tag="551" ind1=" " ind2=" ">
         <subfield code="a">Cádiz</subfield>
         <subfield code="0">places/3903180</subfield>
      </datafield>
      <datafield tag="680" ind1=" " ind2=" ">
         <subfield code="a">Obras musicales impresas y manuscritas de los siglos XIX y XX. Recientemente se han descubierto unas veinte obras manuscritas que incluyen partituras de música procesional, obras para orquesta, pasodobles y fantasías militares. Destaca una pieza del músico Manuel López Farfán titulada La defensa de Cádiz, dedicada al primer centenario de la Constitución de 1812.</subfield>
      </datafield>
   </record>