
   <record>
      <leader>00000nz  a2200000nc 4500</leader>
      <controlfield tag="001">institutions/30006017</controlfield>
      <controlfield tag="003">DE-633</controlfield>
      <controlfield tag="005">20250620052044.0</controlfield>
      <controlfield tag="008">161109||||z|||a|||||||||||||||||n||||||d</controlfield>
      <datafield tag="024" ind1="7" ind2=" ">
         <subfield code="a">E-Cf</subfield>
         <subfield code="q">siglum</subfield>
         <subfield code="2">rism</subfield>
      </datafield>
      <datafield tag="040" ind1=" " ind2=" ">
         <subfield code="a">DE-633</subfield>
         <subfield code="c">DE-633</subfield>
         <subfield code="e">rismg</subfield>
      </datafield>
      <datafield tag="043" ind1=" " ind2=" ">
         <subfield code="c">XA-ES</subfield>
      </datafield>
      <datafield tag="110" ind1="2" ind2=" ">
         <subfield code="a">Real Centro Filarmónico de Córdoba Eduardo Lucena</subfield>
         <subfield code="c">Córdoba</subfield>
         <subfield code="g">E-Cf</subfield>
      </datafield>
      <datafield tag="368" ind1=" " ind2=" ">
         <subfield code="a">Library</subfield>
      </datafield>
      <datafield tag="368" ind1=" " ind2=" ">
         <subfield code="a">Institution</subfield>
      </datafield>
      <datafield tag="371" ind1=" " ind2=" ">
         <subfield code="a">Real Centro Filarmónico de Córdoba,  Eduardo Lucena, 14003 Córdoba, Spain</subfield>
         <subfield code="u">http://centrofilarmonicoeduardolucena.blogspot.com.es/</subfield>
      </datafield>
      <datafield tag="551" ind1=" " ind2=" ">
         <subfield code="a">Córdoba (España)</subfield>
         <subfield code="0">places/3903179</subfield>
      </datafield>
      <datafield tag="680" ind1=" " ind2=" ">
         <subfield code="a">Se compone de partituras originales y únicas del siglo XIX compuestas por Eduardo Lucena, entre otros autores. También incluye libros de actas, instrumentos musicales antiguos, discos de pizarra y de vinilo, y una batuta de oro y brillantes. En la actualidad se está buscando ubicación en una nueva sede estable para el centro.</subfield>
      </datafield>
   </record>