
   <record>
      <leader>00000nz  a2200000nc 4500</leader>
      <controlfield tag="001">institutions/30006235</controlfield>
      <controlfield tag="003">DE-633</controlfield>
      <controlfield tag="005">20250620052046.0</controlfield>
      <controlfield tag="008">161109||||z|||a|||||||||||||||||n||||||d</controlfield>
      <datafield tag="024" ind1="7" ind2=" ">
         <subfield code="a">46159032527201180985</subfield>
         <subfield code="2">VIAF</subfield>
      </datafield>
      <datafield tag="024" ind1="7" ind2=" ">
         <subfield code="a">E-D</subfield>
         <subfield code="q">siglum</subfield>
         <subfield code="2">rism</subfield>
      </datafield>
      <datafield tag="040" ind1=" " ind2=" ">
         <subfield code="a">DE-633</subfield>
         <subfield code="c">DE-633</subfield>
         <subfield code="e">rismg</subfield>
      </datafield>
      <datafield tag="043" ind1=" " ind2=" ">
         <subfield code="c">XA-ES</subfield>
      </datafield>
      <datafield tag="110" ind1="1" ind2=" ">
         <subfield code="a">Iglesia Colegial de Santa María de los Sagrados Corporales, Archivo</subfield>
         <subfield code="c">Daroca</subfield>
         <subfield code="g">E-D</subfield>
      </datafield>
      <datafield tag="368" ind1=" " ind2=" ">
         <subfield code="a">Institution</subfield>
         <subfield code="a">Archive</subfield>
         <subfield code="a">Library</subfield>
      </datafield>
      <datafield tag="371" ind1=" " ind2=" ">
         <subfield code="a">Casa Parroquial</subfield>
         <subfield code="a">c/ Tuyibies, s/n</subfield>
         <subfield code="b">Daroca</subfield>
         <subfield code="c">Aragón</subfield>
         <subfield code="d">Spain</subfield>
         <subfield code="e">50360</subfield>
      </datafield>
      <datafield tag="551" ind1="1" ind2=" ">
         <subfield code="a">Daroca</subfield>
         <subfield code="0">places/3900312</subfield>
      </datafield>
      <datafield tag="680" ind1="1" ind2=" ">
         <subfield code="a">Music scores from the end of the 16th century onwards, including works by chapel masters like, for instance, Pablo Bruna (1611-1679), Miguel Ambiela (1666-1733), Diego Xaraba (1652-1715), José Ximeno or Joaquín Laseca (1758-1820).</subfield>
      </datafield>
   </record>