
   <record>
      <leader>00000nz  a2200000nc 4500</leader>
      <controlfield tag="001">institutions/30079664</controlfield>
      <controlfield tag="003">DE-633</controlfield>
      <controlfield tag="005">20250620052125.0</controlfield>
      <controlfield tag="008">161109||||z|||a|||||||||||||||||n||||||d</controlfield>
      <datafield tag="024" ind1="7" ind2=" ">
         <subfield code="a">E-DER</subfield>
         <subfield code="q">siglum</subfield>
         <subfield code="2">rism</subfield>
      </datafield>
      <datafield tag="040" ind1=" " ind2=" ">
         <subfield code="a">DE-633</subfield>
         <subfield code="c">DE-633</subfield>
         <subfield code="e">rismg</subfield>
      </datafield>
      <datafield tag="043" ind1=" " ind2=" ">
         <subfield code="c">XA-ES</subfield>
      </datafield>
      <datafield tag="110" ind1="2" ind2=" ">
         <subfield code="a">Archivo Histórico Eclesiástico de Vizcaya / Bizkaiko elizaren histori archiboa</subfield>
         <subfield code="c">Derio</subfield>
         <subfield code="g">E-DER</subfield>
      </datafield>
      <datafield tag="368" ind1=" " ind2=" ">
         <subfield code="a">Institution</subfield>
      </datafield>
      <datafield tag="368" ind1=" " ind2=" ">
         <subfield code="a">Library</subfield>
      </datafield>
      <datafield tag="371" ind1=" " ind2=" ">
         <subfield code="a">Archivo Histórico Eclesiástico de,  Vizcaya / Bizkaiko elizaren histori,  archiboa, c/ Larrauri, 1 A, 5ª planta, 48160 Derio, Spain</subfield>
         <subfield code="u">http://www.aheb-beha.org/doc_musical.html?&amp;L=qheokhnrzk</subfield>
      </datafield>
      <datafield tag="551" ind1=" " ind2=" ">
         <subfield code="a">Derio</subfield>
         <subfield code="0">places/3905567</subfield>
      </datafield>
      <datafield tag="680" ind1=" " ind2=" ">
         <subfield code="a">A collection of parchments with liturgical music of the 12th to 16th centuries, and also the vinyls archive of Radio Popular (Popular Broadcasting) and other archive of oral sources and the holdings coming from: - Seminario diocesano (the Diocesan Seminary) - Archivo de la Iglesia de Santa María de Gernika-Lumo (Archives of the Church of Santa María de Gernika-Lumo)</subfield>
      </datafield>
   </record>