
   <record>
      <leader>00000nz  a2200000nc 4500</leader>
      <controlfield tag="001">institutions/30078123</controlfield>
      <controlfield tag="003">DE-633</controlfield>
      <controlfield tag="005">20250620052118.0</controlfield>
      <controlfield tag="008">161109||||z|||a|||||||||||||||||n||||||d</controlfield>
      <datafield tag="024" ind1="7" ind2=" ">
         <subfield code="a">E-Dahn</subfield>
         <subfield code="q">siglum</subfield>
         <subfield code="2">rism</subfield>
      </datafield>
      <datafield tag="040" ind1=" " ind2=" ">
         <subfield code="a">DE-633</subfield>
         <subfield code="c">DE-633</subfield>
         <subfield code="e">rismg</subfield>
      </datafield>
      <datafield tag="043" ind1=" " ind2=" ">
         <subfield code="c">XA-ES</subfield>
      </datafield>
      <datafield tag="110" ind1="2" ind2=" ">
         <subfield code="a">Archivo de Protocolos Notariales de Daroca</subfield>
         <subfield code="c">Daroca</subfield>
         <subfield code="g">E-Dahn</subfield>
      </datafield>
      <datafield tag="368" ind1=" " ind2=" ">
         <subfield code="a">Institution</subfield>
      </datafield>
      <datafield tag="368" ind1=" " ind2=" ">
         <subfield code="a">Library</subfield>
      </datafield>
      <datafield tag="371" ind1=" " ind2=" ">
         <subfield code="a">Archivo de Protocolos Notariales de,  Daroca, c/ Mayor, 135 - 1º C, 50360 Daroca, Spain</subfield>
      </datafield>
      <datafield tag="410" ind1="2" ind2=" ">
         <subfield code="a">Archivio Historico Notarial</subfield>
      </datafield>
      <datafield tag="551" ind1=" " ind2=" ">
         <subfield code="a">Daroca</subfield>
         <subfield code="0">places/3900312</subfield>
      </datafield>
      <datafield tag="680" ind1=" " ind2=" ">
         <subfield code="a">The Institución Fernando el Católico (Fernando the Catholic Institution) established an agreement with the Colegio Notarial de Zaragoza (Chamber of Notaries of Saragossa) to safeguard fragments of liturgical music-12th, 13th and 14th century codices, used as protecting pages or covers for the documents signed by the Notaries (today in the Notaries Historical Archives of this province). It was possible to recover 191 parchments collected, cataloged and studied in the Monumenta Monodica Aragonensia collection, which originally formed part of valuable liturgical music manuscripts and codices, now disappeared and just remaining some pages or fragments, which were later used as binding for notarial  documents (protocolos) from the Archivo Histórico Notarial de Daroca. Testify to the existence at the time of a codex of about three hundred folios.</subfield>
      </datafield>
   </record>