
   <record>
      <leader>00000nz  a2200000nc 4500</leader>
      <controlfield tag="001">institutions/30001370</controlfield>
      <controlfield tag="003">DE-633</controlfield>
      <controlfield tag="005">20250620052003.0</controlfield>
      <controlfield tag="008">161109||||z|||a|||||||||||||||||n||||||d</controlfield>
      <datafield tag="024" ind1="7" ind2=" ">
         <subfield code="a">E-E</subfield>
         <subfield code="q">siglum</subfield>
         <subfield code="2">rism</subfield>
      </datafield>
      <datafield tag="034" ind1="2" ind2=" ">
         <subfield code="d">-4.1477579</subfield>
         <subfield code="f">40.588847</subfield>
      </datafield>
      <datafield tag="040" ind1=" " ind2=" ">
         <subfield code="a">DE-633</subfield>
         <subfield code="c">DE-633</subfield>
         <subfield code="e">rismg</subfield>
      </datafield>
      <datafield tag="043" ind1=" " ind2=" ">
         <subfield code="c">XA-ES</subfield>
      </datafield>
      <datafield tag="110" ind1="2" ind2=" ">
         <subfield code="a">Real Biblioteca del Monasterio de San Lorenzo de El Escorial</subfield>
         <subfield code="c">El Escorial</subfield>
         <subfield code="g">E-E</subfield>
      </datafield>
      <datafield tag="368" ind1=" " ind2=" ">
         <subfield code="a">Library</subfield>
      </datafield>
      <datafield tag="368" ind1=" " ind2=" ">
         <subfield code="a">Institution</subfield>
      </datafield>
      <datafield tag="371" ind1=" " ind2=" ">
         <subfield code="a">Real Biblioteca del Monasterio de San,  Lorenzo de El Escorial, Real Monasterio de El Escorial, Avenida D. Juan de Borbón y Battenberg,,  1, 28200 San Lorenzo de El Escorial, Spain</subfield>
         <subfield code="u">http://rbme.patrimonionacional.es/</subfield>
      </datafield>
      <datafield tag="551" ind1=" " ind2=" ">
         <subfield code="a">El Escorial</subfield>
         <subfield code="0">places/3903181</subfield>
      </datafield>
      <datafield tag="667" ind1=" " ind2=" ">
         <subfield code="a">Published sources: 12</subfield>
      </datafield>
      <datafield tag="680" ind1=" " ind2=" ">
         <subfield code="a">Custodia las Cantigas de Alfonso X, cantorales del siglo XV, manuscritos con notación bizantina, música para órgano y música coral de los siglos XVII y XVIII, además de obras de teoría musical desde el siglo XVI.</subfield>
      </datafield>
   </record>