
   <record>
      <leader>00000nz  a2200000nc 4500</leader>
      <controlfield tag="001">institutions/30080158</controlfield>
      <controlfield tag="003">DE-633</controlfield>
      <controlfield tag="005">20250620052129.0</controlfield>
      <controlfield tag="008">161109||||z|||a|||||||||||||||||n||||||d</controlfield>
      <datafield tag="024" ind1="7" ind2=" ">
         <subfield code="a">63159032770001182249</subfield>
         <subfield code="2">VIAF</subfield>
      </datafield>
      <datafield tag="024" ind1="7" ind2=" ">
         <subfield code="a">Q22970053</subfield>
         <subfield code="2">WKP</subfield>
      </datafield>
      <datafield tag="024" ind1="7" ind2=" ">
         <subfield code="a">E-EL</subfield>
         <subfield code="q">siglum</subfield>
         <subfield code="2">rism</subfield>
      </datafield>
      <datafield tag="034" ind1="1" ind2=" ">
         <subfield code="d">-2.030273162617125</subfield>
         <subfield code="f">42.661187239588244</subfield>
      </datafield>
      <datafield tag="040" ind1=" " ind2=" ">
         <subfield code="a">DE-633</subfield>
         <subfield code="c">DE-633</subfield>
         <subfield code="e">rismg</subfield>
      </datafield>
      <datafield tag="043" ind1=" " ind2=" ">
         <subfield code="c">XA-ES</subfield>
      </datafield>
      <datafield tag="110" ind1="1" ind2=" ">
         <subfield code="a">Museo Etnológico de Navarra "Julio Caro Baroja"</subfield>
         <subfield code="c">Estella-Lizarra</subfield>
         <subfield code="g">E-EL</subfield>
      </datafield>
      <datafield tag="368" ind1=" " ind2=" ">
         <subfield code="a">Institution</subfield>
         <subfield code="a">Library</subfield>
         <subfield code="a">Museum</subfield>
      </datafield>
      <datafield tag="371" ind1=" " ind2=" ">
         <subfield code="a">c/ Merkatondoa, 13, nave 4</subfield>
         <subfield code="b">Estella-Lizarra</subfield>
         <subfield code="c">Navarra</subfield>
         <subfield code="d">Spain</subfield>
         <subfield code="e">31200</subfield>
         <subfield code="m">museo.etnologico.navarra@navarra.es</subfield>
         <subfield code="u">https://www.navarra.es/es/web/museo-etnologico-de-navarra/museo-etnologico-de-navarra-julio-caro-baroja</subfield>
         <subfield code="z">tel: +34 / 948 553 556</subfield>
      </datafield>
      <datafield tag="551" ind1="1" ind2=" ">
         <subfield code="a">Estella-Lizarra</subfield>
         <subfield code="0">places/3905641</subfield>
      </datafield>
      <datafield tag="680" ind1="1" ind2=" ">
         <subfield code="a">Alberga la Colección Musical de Gregorio Iribas Yeregui compuesta de 80 discos y 582 rollos perforados para pianola de música bailable, folclórica, ópera de repertorio italiano, zarzuela y cuplé, principalmente.</subfield>
      </datafield>
   </record>