
   <record>
      <leader>00000nz  a2200000nc 4500</leader>
      <controlfield tag="001">institutions/30079634</controlfield>
      <controlfield tag="003">DE-633</controlfield>
      <controlfield tag="005">20250620052125.0</controlfield>
      <controlfield tag="008">161109||||z|||a|||||||||||||||||n||||||d</controlfield>
      <datafield tag="024" ind1="7" ind2=" ">
         <subfield code="a">E-ELXpm</subfield>
         <subfield code="q">siglum</subfield>
         <subfield code="2">rism</subfield>
      </datafield>
      <datafield tag="034" ind1="1" ind2=" ">
         <subfield code="d">-0.6987327155034269</subfield>
         <subfield code="f">38.267099971871495</subfield>
      </datafield>
      <datafield tag="040" ind1=" " ind2=" ">
         <subfield code="a">DE-633</subfield>
         <subfield code="c">DE-633</subfield>
         <subfield code="e">rismg</subfield>
      </datafield>
      <datafield tag="043" ind1=" " ind2=" ">
         <subfield code="c">XA-ES</subfield>
      </datafield>
      <datafield tag="110" ind1="1" ind2=" ">
         <subfield code="a">Patronat del Misteri d'Elx. Biblioteca i arxiu</subfield>
         <subfield code="c">Elx</subfield>
         <subfield code="g">E-ELXpm</subfield>
      </datafield>
      <datafield tag="368" ind1=" " ind2=" ">
         <subfield code="a">Institution</subfield>
         <subfield code="a">Library</subfield>
         <subfield code="a">Archive</subfield>
      </datafield>
      <datafield tag="371" ind1=" " ind2=" ">
         <subfield code="a">c/ Major de la Vila, 27</subfield>
         <subfield code="b">03202 Elx</subfield>
         <subfield code="d">Spain</subfield>
         <subfield code="m">comunicacion@misteridelx.com</subfield>
         <subfield code="u">http://www.misteridelx.com/es/</subfield>
      </datafield>
      <datafield tag="410" ind1=" " ind2=" ">
         <subfield code="a">Patronat del Misteri d'Elx. Biblioteca y archivo</subfield>
      </datafield>
      <datafield tag="551" ind1="1" ind2=" ">
         <subfield code="a">Elx</subfield>
         <subfield code="0">places/3905558</subfield>
      </datafield>
      <datafield tag="680" ind1="1" ind2=" ">
         <subfield code="a">It has a collection of sheet music in its archive. It has been created the Cátedra Misteri d'Elx (Professorship Cathedra for the Mystery Play), an entity of the University Miguel Hernández, responsible for promoting scientific studies on the sacred lyrical drama of the Misteri.</subfield>
      </datafield>
   </record>