
   <record>
      <leader>00000nz  a2200000nc 4500</leader>
      <controlfield tag="001">institutions/30079678</controlfield>
      <controlfield tag="003">DE-633</controlfield>
      <controlfield tag="005">20250620052126.0</controlfield>
      <controlfield tag="008">161109||||z|||a|||||||||||||||||n||||||d</controlfield>
      <datafield tag="024" ind1="7" ind2=" ">
         <subfield code="a">E-EMP</subfield>
         <subfield code="q">siglum</subfield>
         <subfield code="2">rism</subfield>
      </datafield>
      <datafield tag="040" ind1=" " ind2=" ">
         <subfield code="a">DE-633</subfield>
         <subfield code="c">DE-633</subfield>
         <subfield code="e">rismg</subfield>
      </datafield>
      <datafield tag="043" ind1=" " ind2=" ">
         <subfield code="c">XA-ES</subfield>
      </datafield>
      <datafield tag="110" ind1="2" ind2=" ">
         <subfield code="a">Parroquia de Santa María. Archivo</subfield>
         <subfield code="c">Castelló d'Empúries</subfield>
         <subfield code="g">E-EMP</subfield>
      </datafield>
      <datafield tag="368" ind1=" " ind2=" ">
         <subfield code="a">Institution</subfield>
      </datafield>
      <datafield tag="368" ind1=" " ind2=" ">
         <subfield code="a">Library</subfield>
      </datafield>
      <datafield tag="371" ind1=" " ind2=" ">
         <subfield code="a">Parroquia de Santa María. Archivo, Pza. Mossèn Cinto Verdaguer, s/n, 17486 Castelló d’Empúries, Spain</subfield>
         <subfield code="u">http://www.basilicadecastello.com</subfield>
      </datafield>
      <datafield tag="551" ind1=" " ind2=" ">
         <subfield code="a">Castelló d'Empúries</subfield>
         <subfield code="0">places/3905573</subfield>
      </datafield>
      <datafield tag="680" ind1=" " ind2=" ">
         <subfield code="a">Musical documents of the 18th to the early 20th century (about 300 of them, are manuscripts from the 19th and 20th centuries).</subfield>
      </datafield>
   </record>