
   <record>
      <leader>00000nz  a2200000nc 4500</leader>
      <controlfield tag="001">institutions/30079510</controlfield>
      <controlfield tag="003">DE-633</controlfield>
      <controlfield tag="005">20250620052124.0</controlfield>
      <controlfield tag="008">161109||||z|||a|||||||||||||||||n||||||d</controlfield>
      <datafield tag="024" ind1="7" ind2=" ">
         <subfield code="a">E-ESCsl</subfield>
         <subfield code="q">siglum</subfield>
         <subfield code="2">rism</subfield>
      </datafield>
      <datafield tag="040" ind1=" " ind2=" ">
         <subfield code="a">DE-633</subfield>
         <subfield code="c">DE-633</subfield>
         <subfield code="e">rismg</subfield>
      </datafield>
      <datafield tag="043" ind1=" " ind2=" ">
         <subfield code="c">XA-ES</subfield>
      </datafield>
      <datafield tag="110" ind1="2" ind2=" ">
         <subfield code="a">Santuari de Santa Maria de Lluc, Arxiu</subfield>
         <subfield code="c">Escorca</subfield>
         <subfield code="g">E-ESCsl</subfield>
      </datafield>
      <datafield tag="368" ind1=" " ind2=" ">
         <subfield code="a">Institution</subfield>
      </datafield>
      <datafield tag="368" ind1=" " ind2=" ">
         <subfield code="a">Library</subfield>
      </datafield>
      <datafield tag="371" ind1=" " ind2=" ">
         <subfield code="a">Santuari de Santa Maria de Lluc, Arxiu, Plaça dels Peregrins, 1, 07315 Escorca - Mallorca, Spain</subfield>
         <subfield code="u">http://www.lluc.net/</subfield>
      </datafield>
      <datafield tag="551" ind1=" " ind2=" ">
         <subfield code="a">Escorca</subfield>
         <subfield code="0">places/3905526</subfield>
      </datafield>
      <datafield tag="680" ind1=" " ind2=" ">
         <subfield code="a">Collection of over 400 old scores in the process of cataloging, mainly 18th century, used by the Sanctuary Escolanía de Blauets (the children choir school, or Blauets, because of the color of their suits blau = Blue, meaning: little Blues)</subfield>
      </datafield>
   </record>