
   <record>
      <leader>00000nz  a2200000nc 4500</leader>
      <controlfield tag="001">institutions/30001371</controlfield>
      <controlfield tag="003">DE-633</controlfield>
      <controlfield tag="005">20250620052003.0</controlfield>
      <controlfield tag="008">161109||||z|||a|||||||||||||||||n||||||d</controlfield>
      <datafield tag="024" ind1="7" ind2=" ">
         <subfield code="a">E-G</subfield>
         <subfield code="q">siglum</subfield>
         <subfield code="2">rism</subfield>
      </datafield>
      <datafield tag="040" ind1=" " ind2=" ">
         <subfield code="a">DE-633</subfield>
         <subfield code="c">DE-633</subfield>
         <subfield code="e">rismg</subfield>
      </datafield>
      <datafield tag="043" ind1=" " ind2=" ">
         <subfield code="c">XA-ES</subfield>
      </datafield>
      <datafield tag="110" ind1="2" ind2=" ">
         <subfield code="a">Arxiu Capitular de la Catedral de Girona</subfield>
         <subfield code="c">Girona</subfield>
         <subfield code="g">E-G</subfield>
      </datafield>
      <datafield tag="368" ind1=" " ind2=" ">
         <subfield code="a">Library</subfield>
      </datafield>
      <datafield tag="368" ind1=" " ind2=" ">
         <subfield code="a">Institution</subfield>
      </datafield>
      <datafield tag="371" ind1=" " ind2=" ">
         <subfield code="a">Arxiu Capitular de la Catedral de Girona, Pujada de la Catedral s/n., 17004 Girona, Spain</subfield>
         <subfield code="u">http://www.catedralgirona.org/arxiu.php</subfield>
      </datafield>
      <datafield tag="410" ind1="2" ind2=" ">
         <subfield code="a">Archivo Capitular de la Catedral de Girona</subfield>
      </datafield>
      <datafield tag="551" ind1=" " ind2=" ">
         <subfield code="a">Girona</subfield>
         <subfield code="0">places/3903182</subfield>
      </datafield>
      <datafield tag="667" ind1=" " ind2=" ">
         <subfield code="a">Published sources: 4</subfield>
      </datafield>
      <datafield tag="680" ind1=" " ind2=" ">
         <subfield code="a">El archivo musical está compuesto por los fondos de la catedral con obras de maestros de la Capilla Musical desde el siglo XVI, libros corales impresos y manuscritos, partituras impresas, gozos y grabaciones sonoras. Suma cerca de 1.800 manuscritos de los siglos XVIII al XX. Además alberga los de: - Carles Ferrer  - Escolanía de la Parroquia de Santa Susana del Mercadal</subfield>
      </datafield>
   </record>