
   <record>
      <leader>00000nz  a2200000nc 4500</leader>
      <controlfield tag="001">institutions/51006473</controlfield>
      <controlfield tag="003">DE-633</controlfield>
      <controlfield tag="005">20250620052308.0</controlfield>
      <controlfield tag="008">220523||||z|||a|||||||||||||||||n||||||d</controlfield>
      <datafield tag="024" ind1="7" ind2=" ">
         <subfield code="a">E-GDbpe</subfield>
         <subfield code="q">siglum</subfield>
         <subfield code="2">rism</subfield>
      </datafield>
      <datafield tag="034" ind1="1" ind2=" ">
         <subfield code="d">-3.1682391020425222</subfield>
         <subfield code="f">40.63399288580972</subfield>
      </datafield>
      <datafield tag="040" ind1=" " ind2=" ">
         <subfield code="a">DE-633</subfield>
         <subfield code="c">DE-633</subfield>
         <subfield code="e">rismg</subfield>
      </datafield>
      <datafield tag="043" ind1=" " ind2=" ">
         <subfield code="c">XA-ES</subfield>
      </datafield>
      <datafield tag="110" ind1="1" ind2=" ">
         <subfield code="a">Biblioteca Pública del Estado en Guadalajara</subfield>
         <subfield code="c">Guadalajara (España)</subfield>
         <subfield code="g">E-GDbpe</subfield>
      </datafield>
      <datafield tag="368" ind1=" " ind2=" ">
         <subfield code="a">Institution</subfield>
         <subfield code="a">Library</subfield>
      </datafield>
      <datafield tag="371" ind1=" " ind2=" ">
         <subfield code="a">Pl. de Dávalos</subfield>
         <subfield code="b">19001 Guadalajara</subfield>
         <subfield code="c">Provincia de Guadalajara</subfield>
         <subfield code="d">Spain</subfield>
         <subfield code="m">bpgu@jccm.es</subfield>
         <subfield code="u">https://www.bibliotecaspublicas.es/guadalajara</subfield>
         <subfield code="z">tel: +34 / 949 885 225</subfield>
      </datafield>
      <datafield tag="551" ind1="1" ind2=" ">
         <subfield code="a">Guadalajara (España)</subfield>
         <subfield code="0">places/50019456</subfield>
      </datafield>
   </record>