
   <record>
      <leader>00000nz  a2200000nc 4500</leader>
      <controlfield tag="001">institutions/30079588</controlfield>
      <controlfield tag="003">DE-633</controlfield>
      <controlfield tag="005">20250620052125.0</controlfield>
      <controlfield tag="008">161109||||z|||a|||||||||||||||||n||||||d</controlfield>
      <datafield tag="024" ind1="7" ind2=" ">
         <subfield code="a">E-GRA</subfield>
         <subfield code="q">siglum</subfield>
         <subfield code="2">rism</subfield>
      </datafield>
      <datafield tag="040" ind1=" " ind2=" ">
         <subfield code="a">DE-633</subfield>
         <subfield code="c">DE-633</subfield>
         <subfield code="e">rismg</subfield>
      </datafield>
      <datafield tag="043" ind1=" " ind2=" ">
         <subfield code="c">XA-ES</subfield>
      </datafield>
      <datafield tag="110" ind1="2" ind2=" ">
         <subfield code="a">Archivo del Monasterio de Santa María de Gradefes</subfield>
         <subfield code="c">Gradefes</subfield>
         <subfield code="g">E-GRA</subfield>
      </datafield>
      <datafield tag="368" ind1=" " ind2=" ">
         <subfield code="a">Institution</subfield>
      </datafield>
      <datafield tag="368" ind1=" " ind2=" ">
         <subfield code="a">Library</subfield>
      </datafield>
      <datafield tag="371" ind1=" " ind2=" ">
         <subfield code="a">Archivo del Monasterio de Santa María de,  Gradefes, 24160 Gradefes, Spain</subfield>
         <subfield code="u">http://www.contemplativasgradefes.blogspot.com.es/</subfield>
      </datafield>
      <datafield tag="551" ind1=" " ind2=" ">
         <subfield code="a">Gradefes</subfield>
         <subfield code="0">places/3905544</subfield>
      </datafield>
      <datafield tag="680" ind1=" " ind2=" ">
         <subfield code="a">Preserved in his monastic archive there are three holdings (Fondos): Gradefes itself, San Bernardo de Avilés and Otero de las Dueñas, the latter two monasteries, actually disappeared, includes primarily medieval documents, ranging from the 11th to the 19th centuries. As for the holdings of Santa María de Gradefes themselves (St. Mary of Gradefes), which are a collection of 417 items of Gregorian music, polyphonic, organ music and popular, as well as a good collection of teaching methods.</subfield>
      </datafield>
   </record>