
   <record>
      <leader>00000nz  a2200000nc 4500</leader>
      <controlfield tag="001">institutions/30079604</controlfield>
      <controlfield tag="003">DE-633</controlfield>
      <controlfield tag="005">20250620052125.0</controlfield>
      <controlfield tag="008">161109||||z|||a|||||||||||||||||n||||||d</controlfield>
      <datafield tag="024" ind1="7" ind2=" ">
         <subfield code="a">E-GRN</subfield>
         <subfield code="q">siglum</subfield>
         <subfield code="2">rism</subfield>
      </datafield>
      <datafield tag="040" ind1=" " ind2=" ">
         <subfield code="a">DE-633</subfield>
         <subfield code="c">DE-633</subfield>
         <subfield code="e">rismg</subfield>
      </datafield>
      <datafield tag="043" ind1=" " ind2=" ">
         <subfield code="c">XA-ES</subfield>
      </datafield>
      <datafield tag="110" ind1="2" ind2=" ">
         <subfield code="a">Hemeroteca Municipal Josep Mora. Fondo Musical</subfield>
         <subfield code="c">Granollers</subfield>
         <subfield code="g">E-GRN</subfield>
      </datafield>
      <datafield tag="368" ind1=" " ind2=" ">
         <subfield code="a">Institution</subfield>
      </datafield>
      <datafield tag="368" ind1=" " ind2=" ">
         <subfield code="a">Library</subfield>
      </datafield>
      <datafield tag="371" ind1=" " ind2=" ">
         <subfield code="a">Hemeroteca Municipal Josep Mora. Fondo,  Musical, Arxiu Comarcal del Vallès Oriental,  (ACVO), c/ de l'Olivar, 10, 08402 Granollers, Spain</subfield>
         <subfield code="u">http://www.granollers.cat/arxiu/hemeroteca-municipal-josep-mora</subfield>
      </datafield>
      <datafield tag="551" ind1=" " ind2=" ">
         <subfield code="a">Granollers</subfield>
         <subfield code="0">places/3905547</subfield>
      </datafield>
      <datafield tag="680" ind1=" " ind2=" ">
         <subfield code="a">2,800 scores, including some books and solfeggio manuals. The holding has been nurtured by private contributions later. Mainly it's scores of manuscript musical arrangements; there is also some printed sources, primarily by composers like Francesc Vilaró (1885-1966) and Josep Maria Ruera (1900-1988).</subfield>
      </datafield>
   </record>