
   <record>
      <leader>00000nz  a2200000nc 4500</leader>
      <controlfield tag="001">institutions/30079551</controlfield>
      <controlfield tag="003">DE-633</controlfield>
      <controlfield tag="005">20250620052125.0</controlfield>
      <controlfield tag="008">161109||||z|||a|||||||||||||||||n||||||d</controlfield>
      <datafield tag="024" ind1="7" ind2=" ">
         <subfield code="a">E-GRa</subfield>
         <subfield code="q">siglum</subfield>
         <subfield code="2">rism</subfield>
      </datafield>
      <datafield tag="040" ind1=" " ind2=" ">
         <subfield code="a">DE-633</subfield>
         <subfield code="c">DE-633</subfield>
         <subfield code="e">rismg</subfield>
      </datafield>
      <datafield tag="043" ind1=" " ind2=" ">
         <subfield code="c">XA-ES</subfield>
      </datafield>
      <datafield tag="110" ind1="2" ind2=" ">
         <subfield code="a">Casa-Museo Ángel Barrios</subfield>
         <subfield code="c">Granada</subfield>
         <subfield code="g">E-GRa</subfield>
      </datafield>
      <datafield tag="368" ind1=" " ind2=" ">
         <subfield code="a">Institution</subfield>
      </datafield>
      <datafield tag="368" ind1=" " ind2=" ">
         <subfield code="a">Library</subfield>
      </datafield>
      <datafield tag="371" ind1=" " ind2=" ">
         <subfield code="a">Casa-Museo Ángel Barrios, c/ Real de La Alhambra, s/n, 18009 Granada, Spain</subfield>
         <subfield code="u">http://www.alhambra-generalife.es/angelbarrios/</subfield>
      </datafield>
      <datafield tag="410" ind1="2" ind2=" ">
         <subfield code="a">Patronato de la Alhambra y Generalife. Archivo y Biblioteca del Patronato de la Alhambra y Generalife. Edificio de los Nuevos Museos</subfield>
      </datafield>
      <datafield tag="551" ind1=" " ind2=" ">
         <subfield code="a">Granada</subfield>
         <subfield code="0">places/3903183</subfield>
      </datafield>
      <datafield tag="680" ind1=" " ind2=" ">
         <subfield code="a">Ángel Barrios (1882-1964). Museum holdings: family gallery (paintings), musical scores, textual and graphic documentation, and a wide library, as well as musical instruments, original furnitures, objects and fixtures. The bibliographic and documentary holdings (letters, mail), photographs, drawings and autograph music scores (first editions and dedicated scores of major composers) are installed in the stores of the Biblioteca y del Archivo del Patronato de la Alhambra y el Generalife (Library and Archive of the Council of La Alhambra and the Generalife). Inside the museum the following instruments are located: an original piano and a guitar.</subfield>
      </datafield>
   </record>