
   <record>
      <leader>00000nz  a2200000nc 4500</leader>
      <controlfield tag="001">institutions/30001372</controlfield>
      <controlfield tag="003">DE-633</controlfield>
      <controlfield tag="005">20250620052003.0</controlfield>
      <controlfield tag="008">161109||||z|||a|||||||||||||||||n||||||d</controlfield>
      <datafield tag="024" ind1="7" ind2=" ">
         <subfield code="a">E-GRc</subfield>
         <subfield code="q">siglum</subfield>
         <subfield code="2">rism</subfield>
      </datafield>
      <datafield tag="040" ind1=" " ind2=" ">
         <subfield code="a">DE-633</subfield>
         <subfield code="c">DE-633</subfield>
         <subfield code="e">rismg</subfield>
      </datafield>
      <datafield tag="043" ind1=" " ind2=" ">
         <subfield code="c">XA-ES</subfield>
      </datafield>
      <datafield tag="110" ind1="2" ind2=" ">
         <subfield code="a">Archivo Catedralicio de Música</subfield>
         <subfield code="c">Granada</subfield>
         <subfield code="g">E-GRc</subfield>
      </datafield>
      <datafield tag="368" ind1=" " ind2=" ">
         <subfield code="a">Library</subfield>
      </datafield>
      <datafield tag="368" ind1=" " ind2=" ">
         <subfield code="a">Institution</subfield>
      </datafield>
      <datafield tag="371" ind1=" " ind2=" ">
         <subfield code="a">Archivo Catedralicio de Música, c/ Gran Vía de Colón, 5, 18001 Granada, Spain</subfield>
         <subfield code="u">http://www.catedraldegranada.com/</subfield>
      </datafield>
      <datafield tag="410" ind1="2" ind2=" ">
         <subfield code="a">Catedral, Archivo Capitular</subfield>
      </datafield>
      <datafield tag="551" ind1=" " ind2=" ">
         <subfield code="a">Granada</subfield>
         <subfield code="0">places/3903183</subfield>
      </datafield>
      <datafield tag="580" ind1=" " ind2=" ">
         <subfield code="x">E-GRcr</subfield>
         <subfield code="0">institutions/30001374</subfield>
      </datafield>
      <datafield tag="667" ind1=" " ind2=" ">
         <subfield code="a">Published sources: 2</subfield>
      </datafield>
      <datafield tag="680" ind1=" " ind2=" ">
         <subfield code="a">Contiene 1.896 obras musicales catalogadas, además de otras sin catalogar. Este archivo está formado por tres fondos principales: - Archivo histórico: cantorales de polifonía, libros manuales y composiciones en papeles sueltos. - Archivo de la capilla de música - Archivo de adquisiciones: estos dos últimos constituyen un tesoro único en España y son decisivos para conocer una importante etapa de nuestra historia musical, últimos decenios del XIX y siglo XX. Están constituidos por la música usada por la capilla de música, así como por composiciones musicales adquiridas por el Cabildo catedralicio. Además posee los fondos: - Archivo de la Capilla Isidoriana - Archivo personal de Antonio Mateo Pereda</subfield>
      </datafield>
   </record>