
   <record>
      <leader>00000nz  a2200000nc 4500</leader>
      <controlfield tag="001">institutions/30080185</controlfield>
      <controlfield tag="003">DE-633</controlfield>
      <controlfield tag="005">20250620052129.0</controlfield>
      <controlfield tag="008">161109||||z|||a|||||||||||||||||n||||||d</controlfield>
      <datafield tag="024" ind1="7" ind2=" ">
         <subfield code="a">E-GRcmf</subfield>
         <subfield code="q">siglum</subfield>
         <subfield code="2">rism</subfield>
      </datafield>
      <datafield tag="040" ind1=" " ind2=" ">
         <subfield code="a">DE-633</subfield>
         <subfield code="c">DE-633</subfield>
         <subfield code="e">rismg</subfield>
      </datafield>
      <datafield tag="043" ind1=" " ind2=" ">
         <subfield code="c">XA-ES</subfield>
      </datafield>
      <datafield tag="110" ind1="2" ind2=" ">
         <subfield code="a">Casa Museo Manuel de Falla</subfield>
         <subfield code="c">Granada</subfield>
         <subfield code="g">E-GRcmf</subfield>
      </datafield>
      <datafield tag="368" ind1=" " ind2=" ">
         <subfield code="a">Institution</subfield>
      </datafield>
      <datafield tag="368" ind1=" " ind2=" ">
         <subfield code="a">Library</subfield>
      </datafield>
      <datafield tag="371" ind1=" " ind2=" ">
         <subfield code="a">Casa Museo Manuel de Falla, c/ Antequeruela Alta, 11, 18009 Granada, Spain</subfield>
         <subfield code="u">http://www.museomanueldefalla.com/</subfield>
      </datafield>
      <datafield tag="551" ind1=" " ind2=" ">
         <subfield code="a">Granada</subfield>
         <subfield code="0">places/3903183</subfield>
      </datafield>
      <datafield tag="680" ind1=" " ind2=" ">
         <subfield code="a">Expone objetos pertenecientes al compositor, figurines, litografías, muebles, etc. entre los que destacan los figurines de El sombrero de tres picos de Picasso con destino a su estreno en Londres en 1919. La edición de 1920 de la casa Paul Rosemberg, es un ejemplar regalado por Picasso a Falla.</subfield>
      </datafield>
   </record>