
   <record>
      <leader>00000nz  a2200000nc 4500</leader>
      <controlfield tag="001">institutions/30006208</controlfield>
      <controlfield tag="003">DE-633</controlfield>
      <controlfield tag="005">20250620052045.0</controlfield>
      <controlfield tag="008">161109||||z|||a|||||||||||||||||n||||||d</controlfield>
      <datafield tag="024" ind1="7" ind2=" ">
         <subfield code="a">E-GRda</subfield>
         <subfield code="q">siglum</subfield>
         <subfield code="2">rism</subfield>
      </datafield>
      <datafield tag="040" ind1=" " ind2=" ">
         <subfield code="a">DE-633</subfield>
         <subfield code="c">DE-633</subfield>
         <subfield code="e">rismg</subfield>
      </datafield>
      <datafield tag="043" ind1=" " ind2=" ">
         <subfield code="c">XA-ES</subfield>
      </datafield>
      <datafield tag="110" ind1="2" ind2=" ">
         <subfield code="a">Centro de Documentación Musical de Andalucía</subfield>
         <subfield code="c">Granada</subfield>
         <subfield code="g">E-GRda</subfield>
      </datafield>
      <datafield tag="368" ind1=" " ind2=" ">
         <subfield code="a">Institution</subfield>
      </datafield>
      <datafield tag="368" ind1=" " ind2=" ">
         <subfield code="a">Library</subfield>
      </datafield>
      <datafield tag="371" ind1=" " ind2=" ">
         <subfield code="a">Centro de Documentación Musical de,  Andalucía, Carrera del Darro, 29, 18010 Granada, Spain</subfield>
         <subfield code="u">http://www.centrodedocumentacionmusicaldeandalucia.es/opencms</subfield>
      </datafield>
      <datafield tag="551" ind1=" " ind2=" ">
         <subfield code="a">Granada</subfield>
         <subfield code="0">places/3903183</subfield>
      </datafield>
      <datafield tag="667" ind1=" " ind2=" ">
         <subfield code="a">Published sources: 1</subfield>
      </datafield>
      <datafield tag="680" ind1=" " ind2=" ">
         <subfield code="a">Entre sus objetivos están la recuperación del material musical creado o relacionado con Andalucía en todas sus formas, la custodia, catalogación, clasificación e indización de las obras y fondos de Depósito Legal de Andalucía, relativas a partituras y producciones sonoras, el mantenimiento de los fondos de documentación, la adquisición de fondos, la elaboración de programas de investigación, el censado de los recursos musicales y de danza existentes en Andalucía y la difusión del patrimonio musical andaluz. Entre sus fonfos, cuenta con casi 17.000 parituras,, 5.600 discos de pizarra, 500 cilindros fonográficos, 1.100 rollos de pianola. Legados y fondos:  - Festival de Música Tradicional de La Alpujarra - Maestro Padilla - Rosario Bertuchi - Esteban Valdivieso - Francisco Higuero Rosado - Juan de Loxa - Ángel Barrios - Manuel de Falla y Matheu - Francisco Alonso - Germán Álvarez-Beigbeder - Manuel Castillo - Manuel Ruiz Arquelladas - Peña de La Platería Colecciones: - Antonio Torrandell - Archivo Histórico Musical del fondo de las Catedrales Andaluzas - Joaquín Turina - Manuel García - Familia Palatín - Órganos en Andalucía</subfield>
      </datafield>
   </record>