
   <record>
      <leader>00000nz  a2200000nc 4500</leader>
      <controlfield tag="001">institutions/30005487</controlfield>
      <controlfield tag="003">DE-633</controlfield>
      <controlfield tag="005">20250620052039.0</controlfield>
      <controlfield tag="008">161109||||z|||a|||||||||||||||||n||||||d</controlfield>
      <datafield tag="024" ind1="7" ind2=" ">
         <subfield code="a">E-GRmf</subfield>
         <subfield code="q">siglum</subfield>
         <subfield code="2">rism</subfield>
      </datafield>
      <datafield tag="040" ind1=" " ind2=" ">
         <subfield code="a">DE-633</subfield>
         <subfield code="c">DE-633</subfield>
         <subfield code="e">rismg</subfield>
      </datafield>
      <datafield tag="043" ind1=" " ind2=" ">
         <subfield code="c">XA-ES</subfield>
      </datafield>
      <datafield tag="110" ind1="2" ind2=" ">
         <subfield code="a">Archivo Manuel de Falla</subfield>
         <subfield code="c">Granada</subfield>
         <subfield code="g">E-GRmf</subfield>
      </datafield>
      <datafield tag="368" ind1=" " ind2=" ">
         <subfield code="a">Library</subfield>
      </datafield>
      <datafield tag="368" ind1=" " ind2=" ">
         <subfield code="a">Institution</subfield>
      </datafield>
      <datafield tag="371" ind1=" " ind2=" ">
         <subfield code="a">Archivo Manuel de Falla, Centro Cultural Manuel de Falla, Pº de los Mártires, s/n, 18009 Granada, Spain</subfield>
         <subfield code="u">http://www.manueldefalla.com/es/el-archivo</subfield>
      </datafield>
      <datafield tag="551" ind1=" " ind2=" ">
         <subfield code="a">Granada</subfield>
         <subfield code="0">places/3903183</subfield>
      </datafield>
      <datafield tag="680" ind1=" " ind2=" ">
         <subfield code="a">Contiene partituras y manuscritos musicales catalogados en 1988 por el profesor Antonio Gallego, catálogo que sirve de base al ordenamiento actual. El archivo cuenta con las secciones: Correspondencia (más de 23.000 documentos, la colección de correspondencia es la más voluminosa del Archivo); Documentación personal y otros manuscritos; Biblioteca personal (cerca de 4.500 libros y partituras impresas, y 223 títulos de revistas. Aproximadamente una tercera parte está anotada por el compositor o dedicada a él); Fotografías (unos 2.300 documentos que fueron restaurados y catalogados con el apoyo de la Dirección General de Archivos Estatales del Ministerio de Cultura, Educación y Deporte); Programas de concierto; Prensa (recortes de prensa, española y extranjera, recopilados por Manuel de Falla a lo largo de su vida y relacionados con él y sus obras o con temas de su interés); Otras colecciones (material audiovisual, que contiene ediciones de la primera mitad del siglo XX y grabaciones históricas, material gráfico, que contiene carteles, bocetos para figurines y decorados, acuarelas, etc.). Recientemente se ha incorporado el legado de Rafael Puyana, que incluye su archivo, su biblioteca y su colección de claves. Aunque no se trata de fondos específicamente musicales destacan el de María Lejárraga, Pierre de Matheu y Juan Gisbert.</subfield>
      </datafield>
   </record>