
   <record>
      <leader>00000nz  a2200000nc 4500</leader>
      <controlfield tag="001">institutions/30080755</controlfield>
      <controlfield tag="003">DE-633</controlfield>
      <controlfield tag="005">20250620052133.0</controlfield>
      <controlfield tag="008">161109||||z|||a|||||||||||||||||n||||||d</controlfield>
      <datafield tag="024" ind1="7" ind2=" ">
         <subfield code="a">E-GRsj</subfield>
         <subfield code="q">siglum</subfield>
         <subfield code="2">rism</subfield>
      </datafield>
      <datafield tag="034" ind1="2" ind2=" ">
         <subfield code="d">-3.603900</subfield>
         <subfield code="f">37.179225</subfield>
      </datafield>
      <datafield tag="040" ind1=" " ind2=" ">
         <subfield code="a">DE-633</subfield>
         <subfield code="c">DE-633</subfield>
         <subfield code="e">rismg</subfield>
      </datafield>
      <datafield tag="043" ind1=" " ind2=" ">
         <subfield code="c">XA-ES</subfield>
      </datafield>
      <datafield tag="110" ind1="2" ind2=" ">
         <subfield code="a">Real Monasterio de San Jerónimo</subfield>
         <subfield code="c">Granada</subfield>
         <subfield code="g">E-GRsj</subfield>
      </datafield>
      <datafield tag="368" ind1=" " ind2=" ">
         <subfield code="a">Institution</subfield>
      </datafield>
      <datafield tag="368" ind1=" " ind2=" ">
         <subfield code="a">Library</subfield>
      </datafield>
      <datafield tag="371" ind1=" " ind2=" ">
         <subfield code="a">Real Monasterio de San Jerónimo, Calle Rector López Argueta, 9, 18001 Granada, Spain</subfield>
      </datafield>
      <datafield tag="551" ind1=" " ind2=" ">
         <subfield code="a">Granada</subfield>
         <subfield code="0">places/3903183</subfield>
      </datafield>
      <datafield tag="680" ind1=" " ind2=" ">
         <subfield code="a">Keep a collection of choir books, some of the sixteenth century, handwritten scores, many of them autographed, by authors like Patricio Beneyto Fontabella, Remigio Calahorra, Juan Antonio Contreras, Antonio Cordoncillo, Eduardo Güervós, Cándido Orense, Celestino Vila de Forns, etc. It also has numerous printed scores and theoretical works, several of the nineteenth century. All this fund comes from the missing monastery of Santa Paula in Granada, whose community moved in 1975 to St. Jerome.</subfield>
      </datafield>
   </record>