
   <record>
      <leader>00000nz  a2200000nc 4500</leader>
      <controlfield tag="001">institutions/30001375</controlfield>
      <controlfield tag="003">DE-633</controlfield>
      <controlfield tag="005">20250620052003.0</controlfield>
      <controlfield tag="008">161109||||z|||a|||||||||||||||||n||||||d</controlfield>
      <datafield tag="024" ind1="7" ind2=" ">
         <subfield code="a">E-GU</subfield>
         <subfield code="q">siglum</subfield>
         <subfield code="2">rism</subfield>
      </datafield>
      <datafield tag="040" ind1=" " ind2=" ">
         <subfield code="a">DE-633</subfield>
         <subfield code="c">DE-633</subfield>
         <subfield code="e">rismg</subfield>
      </datafield>
      <datafield tag="043" ind1=" " ind2=" ">
         <subfield code="c">XA-ES</subfield>
      </datafield>
      <datafield tag="110" ind1="2" ind2=" ">
         <subfield code="a">Biblioteca y Archivo del Real Monasterio de Santa María</subfield>
         <subfield code="c">Guadalupe</subfield>
         <subfield code="g">E-GU</subfield>
      </datafield>
      <datafield tag="368" ind1=" " ind2=" ">
         <subfield code="a">Library</subfield>
      </datafield>
      <datafield tag="368" ind1=" " ind2=" ">
         <subfield code="a">Institution</subfield>
      </datafield>
      <datafield tag="371" ind1=" " ind2=" ">
         <subfield code="a">Biblioteca y Archivo del Real Monasterio,  de Santa María, 10140 Guadalupe, Spain</subfield>
         <subfield code="u">http://monasterioguadalupe.com/?page_id=2007</subfield>
      </datafield>
      <datafield tag="410" ind1="2" ind2=" ">
         <subfield code="a">Monasterio de Guadalupe, Archivo Musical</subfield>
      </datafield>
      <datafield tag="551" ind1=" " ind2=" ">
         <subfield code="a">Guadalupe</subfield>
         <subfield code="0">places/3903184</subfield>
      </datafield>
      <datafield tag="680" ind1=" " ind2=" ">
         <subfield code="a">Cuenta con 107 cantorales miniados de los siglos XV al XVIII, expuestos en el Museo de Miniados. Más de 500 obras de los maestros jerónimos del propio monasterio, a las que hay que sumar las que custodia procedentes de otros centros religiosos y civiles llegando en total a más de 1.000. Entre los músicos del monasterio destacan organistas como Juan de la Torre, Francisco de Las Casas, Domingo de Santiago, etc. y maestros de capilla como Melchor de Montemayor o Gregorio Cano. Sus fondos están digitalizados en gran parte.</subfield>
      </datafield>
   </record>