
   <record>
      <leader>00000nz  a2200000nc 4500</leader>
      <controlfield tag="001">institutions/30003293</controlfield>
      <controlfield tag="003">DE-633</controlfield>
      <controlfield tag="005">20250620052020.0</controlfield>
      <controlfield tag="008">161109||||z|||a|||||||||||||||||n||||||d</controlfield>
      <datafield tag="024" ind1="7" ind2=" ">
         <subfield code="a">E-Gs</subfield>
         <subfield code="q">siglum</subfield>
         <subfield code="2">rism</subfield>
      </datafield>
      <datafield tag="040" ind1=" " ind2=" ">
         <subfield code="a">DE-633</subfield>
         <subfield code="c">DE-633</subfield>
         <subfield code="e">rismg</subfield>
      </datafield>
      <datafield tag="043" ind1=" " ind2=" ">
         <subfield code="c">XA-ES</subfield>
      </datafield>
      <datafield tag="110" ind1="2" ind2=" ">
         <subfield code="a">Arxiu diocesà i Biblioteca diocesana del Seminari de Girona</subfield>
         <subfield code="c">Girona</subfield>
         <subfield code="g">E-Gs</subfield>
      </datafield>
      <datafield tag="368" ind1=" " ind2=" ">
         <subfield code="a">Library</subfield>
      </datafield>
      <datafield tag="368" ind1=" " ind2=" ">
         <subfield code="a">Institution</subfield>
      </datafield>
      <datafield tag="371" ind1=" " ind2=" ">
         <subfield code="a">Arxiu diocesà i Biblioteca diocesana del,  Seminari de Girona, 3a Planta, Pujada Sant Martí, 12., 17004 Girona, Spain</subfield>
         <subfield code="u">http://www.arxiuadg.org</subfield>
      </datafield>
      <datafield tag="410" ind1="2" ind2=" ">
         <subfield code="a">Archivo diocesano i Biblioteca diocesana del Seminario de Girona</subfield>
      </datafield>
      <datafield tag="551" ind1=" " ind2=" ">
         <subfield code="a">Girona</subfield>
         <subfield code="0">places/3903182</subfield>
      </datafield>
      <datafield tag="680" ind1=" " ind2=" ">
         <subfield code="a">Keeps: - Fondo musical de Vilabertrán (Vilabertrán musical holdings) composed of 71 manuscripts from the 18th to 20th centuries. - Fondo musical de Santa Pau dels Arcs (Santa Pau dels Arcs musical holdings) with 45 manuscripts of the 18th century. - Fondo musical de Sant Esteve de Olot (Sant Esteve de Olot musical holdings) with 535 manuscripts by known composer and 216 by an anonymous author, of the 18th to 20th centuries. - Fondo musical de la Basílica de Santa Maria de Castelló d'Empúries</subfield>
      </datafield>
   </record>