
   <record>
      <leader>00000nz  a2200000nc 4500</leader>
      <controlfield tag="001">institutions/30079603</controlfield>
      <controlfield tag="003">DE-633</controlfield>
      <controlfield tag="005">20250620052125.0</controlfield>
      <controlfield tag="008">161109||||z|||a|||||||||||||||||n||||||d</controlfield>
      <datafield tag="024" ind1="7" ind2=" ">
         <subfield code="a">E-Gsd</subfield>
         <subfield code="q">siglum</subfield>
         <subfield code="2">rism</subfield>
      </datafield>
      <datafield tag="040" ind1=" " ind2=" ">
         <subfield code="a">DE-633</subfield>
         <subfield code="c">DE-633</subfield>
         <subfield code="e">rismg</subfield>
      </datafield>
      <datafield tag="043" ind1=" " ind2=" ">
         <subfield code="c">XA-ES</subfield>
      </datafield>
      <datafield tag="110" ind1="2" ind2=" ">
         <subfield code="a">Arxiu del Monestir de Sant Daniel de Girona (AMSDG)</subfield>
         <subfield code="c">Girona</subfield>
         <subfield code="g">E-Gsd</subfield>
      </datafield>
      <datafield tag="368" ind1=" " ind2=" ">
         <subfield code="a">Institution</subfield>
      </datafield>
      <datafield tag="368" ind1=" " ind2=" ">
         <subfield code="a">Library</subfield>
      </datafield>
      <datafield tag="371" ind1=" " ind2=" ">
         <subfield code="a">Arxiu del Monestir de Sant Daniel de,  Girona (AMSDG), c/ Monges, 2, 17007  Girona, Spain</subfield>
         <subfield code="u">http://www.federaciobenedictines.cat/wordpress/</subfield>
      </datafield>
      <datafield tag="551" ind1=" " ind2=" ">
         <subfield code="a">Girona</subfield>
         <subfield code="0">places/3903182</subfield>
      </datafield>
      <datafield tag="680" ind1=" " ind2=" ">
         <subfield code="a">Monastery holdings produced by the monastic community of Sant Daniel and monasteries annexed along the 15th century: Santa Margarida de la Garriga or dels Prats de Roses (1225-1461), Santa Maria del Mar de Calonge (c.1241-1424) and Santa Maria de Valldemaria de Maçanet de la Selva (1158-1550). It has a collection of more than 2,000 gozos (joyful songs to the Virgin Mary pregnancy).</subfield>
      </datafield>
   </record>