
   <record>
      <leader>00000nz  a2200000nc 4500</leader>
      <controlfield tag="001">institutions/30002964</controlfield>
      <controlfield tag="003">DE-633</controlfield>
      <controlfield tag="005">20250620052017.0</controlfield>
      <controlfield tag="008">161109||||z|||a|||||||||||||||||n||||||d</controlfield>
      <datafield tag="024" ind1="7" ind2=" ">
         <subfield code="a">E-H</subfield>
         <subfield code="q">siglum</subfield>
         <subfield code="2">rism</subfield>
      </datafield>
      <datafield tag="040" ind1=" " ind2=" ">
         <subfield code="a">DE-633</subfield>
         <subfield code="c">DE-633</subfield>
         <subfield code="e">rismg</subfield>
      </datafield>
      <datafield tag="043" ind1=" " ind2=" ">
         <subfield code="c">XA-ES</subfield>
      </datafield>
      <datafield tag="110" ind1="1" ind2=" ">
         <subfield code="a">Archivo Musical de la Catedral de Huesca</subfield>
         <subfield code="c">Huesca</subfield>
         <subfield code="g">E-H</subfield>
      </datafield>
      <datafield tag="368" ind1=" " ind2=" ">
         <subfield code="a">Library</subfield>
      </datafield>
      <datafield tag="368" ind1=" " ind2=" ">
         <subfield code="a">Institution</subfield>
      </datafield>
      <datafield tag="371" ind1=" " ind2=" ">
         <subfield code="a">Archivo Musical de la Catedral de Huesca, c/ Santiago, s/n, 22002 Huesca, Spain</subfield>
         <subfield code="u">http://www.diocesisdehuesca.org/</subfield>
      </datafield>
      <datafield tag="551" ind1="1" ind2=" ">
         <subfield code="a">Huesca</subfield>
         <subfield code="0">places/3903687</subfield>
      </datafield>
      <datafield tag="670" ind1="1" ind2=" ">
         <subfield code="a">Escuer SalcedoV 2020</subfield>
         <subfield code="0">publications/50005906</subfield>
      </datafield>
      <datafield tag="680" ind1="1" ind2=" ">
         <subfield code="a">Contiene música manuscrita, libretos e impresos. Un tropario del s. XII procedente del Monasterio de San Juan de la Peña, el Hymnarium oscense, libro fechado en los últimos años del siglo XI, así como otros manuscritos litúrgicos de los siglos XI al XIII y manuscritos polifónicos del siglo XVI.</subfield>
      </datafield>
   </record>