
   <record>
      <leader>00000nz  a2200000nc 4500</leader>
      <controlfield tag="001">institutions/30079555</controlfield>
      <controlfield tag="003">DE-633</controlfield>
      <controlfield tag="005">20250620052125.0</controlfield>
      <controlfield tag="008">161109||||z|||a|||||||||||||||||n||||||d</controlfield>
      <datafield tag="024" ind1="7" ind2=" ">
         <subfield code="a">E-HUE</subfield>
         <subfield code="q">siglum</subfield>
         <subfield code="2">rism</subfield>
      </datafield>
      <datafield tag="040" ind1=" " ind2=" ">
         <subfield code="a">DE-633</subfield>
         <subfield code="c">DE-633</subfield>
         <subfield code="e">rismg</subfield>
      </datafield>
      <datafield tag="043" ind1=" " ind2=" ">
         <subfield code="c">XA-ES</subfield>
      </datafield>
      <datafield tag="110" ind1="2" ind2=" ">
         <subfield code="a">Iglesia de Santa María la Mayor. Archivo</subfield>
         <subfield code="c">Huéscar</subfield>
         <subfield code="g">E-HUE</subfield>
      </datafield>
      <datafield tag="368" ind1=" " ind2=" ">
         <subfield code="a">Institution</subfield>
      </datafield>
      <datafield tag="368" ind1=" " ind2=" ">
         <subfield code="a">Library</subfield>
      </datafield>
      <datafield tag="371" ind1=" " ind2=" ">
         <subfield code="a">Iglesia de Santa María la Mayor. Archivo, Calle del Carril s/n, 18830 Huéscar, Spain</subfield>
      </datafield>
      <datafield tag="551" ind1=" " ind2=" ">
         <subfield code="a">Huéscar</subfield>
         <subfield code="0">places/3905532</subfield>
      </datafield>
      <datafield tag="680" ind1=" " ind2=" ">
         <subfield code="a">An important collection of Baroque villancicos and a book of polyphonic music, which was performed at the church, including pieces by famous composers and musicians themselves who exercised their magisterium in Huéscar, between the 16th  and 19th centuries, as Francisco de Losada (1612-1667) and José Miguel Carmona.</subfield>
      </datafield>
   </record>