
   <record>
      <leader>00000nz  a2200000nc 4500</leader>
      <controlfield tag="001">institutions/30078124</controlfield>
      <controlfield tag="003">DE-633</controlfield>
      <controlfield tag="005">20250620052118.0</controlfield>
      <controlfield tag="008">161109||||z|||a|||||||||||||||||n||||||d</controlfield>
      <datafield tag="024" ind1="7" ind2=" ">
         <subfield code="a">E-Hbp</subfield>
         <subfield code="q">siglum</subfield>
         <subfield code="2">rism</subfield>
      </datafield>
      <datafield tag="040" ind1=" " ind2=" ">
         <subfield code="a">DE-633</subfield>
         <subfield code="c">DE-633</subfield>
         <subfield code="e">rismg</subfield>
      </datafield>
      <datafield tag="043" ind1=" " ind2=" ">
         <subfield code="c">XA-ES</subfield>
      </datafield>
      <datafield tag="110" ind1="2" ind2=" ">
         <subfield code="a">Biblioteca Pública del Estado</subfield>
         <subfield code="c">Huesca</subfield>
         <subfield code="g">E-Hbp</subfield>
      </datafield>
      <datafield tag="368" ind1=" " ind2=" ">
         <subfield code="a">Institution</subfield>
      </datafield>
      <datafield tag="368" ind1=" " ind2=" ">
         <subfield code="a">Library</subfield>
      </datafield>
      <datafield tag="371" ind1=" " ind2=" ">
         <subfield code="a">Biblioteca Pública del Estado, Avda. Pirineos, 2, 22004 Huesca, Spain</subfield>
         <subfield code="u">http://www.bibliotecaspublicas.es/b-huesca/index.jsp</subfield>
      </datafield>
      <datafield tag="551" ind1=" " ind2=" ">
         <subfield code="a">Huesca</subfield>
         <subfield code="0">places/3903687</subfield>
      </datafield>
      <datafield tag="680" ind1=" " ind2=" ">
         <subfield code="a">Conserva un códice gregoriano procedente de la catedral de Lleida de los siglos XIV y XV con antífonas, responsorios, lamentaciones y otros cantos litúrgicos.</subfield>
      </datafield>
   </record>