
   <record>
      <leader>00000nz  a2200000nc 4500</leader>
      <controlfield tag="001">institutions/30079051</controlfield>
      <controlfield tag="003">DE-633</controlfield>
      <controlfield tag="005">20250620052121.0</controlfield>
      <controlfield tag="008">161109||||z|||a|||||||||||||||||n||||||d</controlfield>
      <datafield tag="024" ind1="7" ind2=" ">
         <subfield code="a">E-IG</subfield>
         <subfield code="q">siglum</subfield>
         <subfield code="2">rism</subfield>
      </datafield>
      <datafield tag="040" ind1=" " ind2=" ">
         <subfield code="a">DE-633</subfield>
         <subfield code="c">DE-633</subfield>
         <subfield code="e">rismg</subfield>
      </datafield>
      <datafield tag="043" ind1=" " ind2=" ">
         <subfield code="c">XA-ES</subfield>
      </datafield>
      <datafield tag="110" ind1="2" ind2=" ">
         <subfield code="a">Arxiu Comarcal de l'Anoia (ACAN)</subfield>
         <subfield code="c">Igualada</subfield>
         <subfield code="g">E-IG</subfield>
      </datafield>
      <datafield tag="368" ind1=" " ind2=" ">
         <subfield code="a">Institution</subfield>
      </datafield>
      <datafield tag="368" ind1=" " ind2=" ">
         <subfield code="a">Library</subfield>
      </datafield>
      <datafield tag="371" ind1=" " ind2=" ">
         <subfield code="a">Arxiu Comarcal de l'Anoia (ACAN), Plaça de la Creu, 18, 08700 Igualada, Spain</subfield>
         <subfield code="u">http://cultura.gencat.cat/arxius/acan</subfield>
      </datafield>
      <datafield tag="410" ind1="2" ind2=" ">
         <subfield code="a">Archivo Comarcal de la Anoia</subfield>
      </datafield>
      <datafield tag="410" ind1="2" ind2=" ">
         <subfield code="a">Arxiu Municipal d'Igualada</subfield>
      </datafield>
      <datafield tag="551" ind1=" " ind2=" ">
         <subfield code="a">Igualada</subfield>
         <subfield code="0">places/3905457</subfield>
      </datafield>
      <datafield tag="680" ind1=" " ind2=" ">
         <subfield code="a">Conserva una colección de partituras de 1860 a 1950 y los fondos de: - Parròquia de Santa Maria d'Igualada (1350-1963) - Banda Municipal de Música d'Igualada (1941-1971) - Centre Coral Apol·lo (1900-1913) - Cobla Juvenil Ciutat d'Igualada (1988-1990) - Coral La Estrella (1881-1884)</subfield>
      </datafield>
   </record>