
   <record>
      <leader>00000nz  a2200000nc 4500</leader>
      <controlfield tag="001">institutions/30005470</controlfield>
      <controlfield tag="003">DE-633</controlfield>
      <controlfield tag="005">20250620052039.0</controlfield>
      <controlfield tag="008">161109||||z|||a|||||||||||||||||n||||||d</controlfield>
      <datafield tag="024" ind1="7" ind2=" ">
         <subfield code="a">E-JEc</subfield>
         <subfield code="q">siglum</subfield>
         <subfield code="2">rism</subfield>
      </datafield>
      <datafield tag="040" ind1=" " ind2=" ">
         <subfield code="a">DE-633</subfield>
         <subfield code="c">DE-633</subfield>
         <subfield code="e">rismg</subfield>
      </datafield>
      <datafield tag="043" ind1=" " ind2=" ">
         <subfield code="c">XA-ES</subfield>
      </datafield>
      <datafield tag="110" ind1="2" ind2=" ">
         <subfield code="a">Archivo Diocesano Asidonia Jerez</subfield>
         <subfield code="c">Jerez de la Frontera</subfield>
         <subfield code="g">E-JEc</subfield>
      </datafield>
      <datafield tag="368" ind1=" " ind2=" ">
         <subfield code="a">Institution</subfield>
      </datafield>
      <datafield tag="368" ind1=" " ind2=" ">
         <subfield code="a">Library</subfield>
      </datafield>
      <datafield tag="371" ind1=" " ind2=" ">
         <subfield code="a">Archivo Diocesano Asidonia Jerez, Pl. del Arroyo, 50, 11403 Jerez de la Frontera, Spain</subfield>
         <subfield code="u">http://www.diocesisdejerez.org/index.php/fondos-del-archivo-y-biblioteca</subfield>
      </datafield>
      <datafield tag="410" ind1="2" ind2=" ">
         <subfield code="a">Colegiata</subfield>
      </datafield>
      <datafield tag="551" ind1=" " ind2=" ">
         <subfield code="a">Jerez de la Frontera</subfield>
         <subfield code="0">places/3904529</subfield>
      </datafield>
      <datafield tag="680" ind1=" " ind2=" ">
         <subfield code="a">El archivo musical procede de la actividad musical de la antigua colegial, hoy catedral de Jerez de la Frontera, con obras de músicos como Salvador García, Francisco Gómez, Pedro de Castro y Felipe Muñoz. Su catálogo ha sido editado parcialmente y recoge partituras manuscritas, originales y/o copias de los siglos XVI al XIX. Custodia también fondos procedentes de distintas parroquias de la diócesis y 18 libros de facistol del siglo XVII de la Basílica de Santa María de la Asunción de Arcos de la Frontera.</subfield>
      </datafield>
   </record>