
   <record>
      <leader>00000nz  a2200000nc 4500</leader>
      <controlfield tag="001">institutions/30002965</controlfield>
      <controlfield tag="003">DE-633</controlfield>
      <controlfield tag="005">20250620052017.0</controlfield>
      <controlfield tag="008">161109||||z|||a|||||||||||||||||n||||||d</controlfield>
      <datafield tag="024" ind1="7" ind2=" ">
         <subfield code="a">E-L</subfield>
         <subfield code="q">siglum</subfield>
         <subfield code="2">rism</subfield>
      </datafield>
      <datafield tag="040" ind1=" " ind2=" ">
         <subfield code="a">DE-633</subfield>
         <subfield code="c">DE-633</subfield>
         <subfield code="e">rismg</subfield>
      </datafield>
      <datafield tag="043" ind1=" " ind2=" ">
         <subfield code="c">XA-ES</subfield>
      </datafield>
      <datafield tag="110" ind1="2" ind2=" ">
         <subfield code="a">Archivo Capitular de la Catedral de León</subfield>
         <subfield code="c">León</subfield>
         <subfield code="g">E-L</subfield>
      </datafield>
      <datafield tag="368" ind1=" " ind2=" ">
         <subfield code="a">Library</subfield>
      </datafield>
      <datafield tag="368" ind1=" " ind2=" ">
         <subfield code="a">Institution</subfield>
      </datafield>
      <datafield tag="371" ind1=" " ind2=" ">
         <subfield code="a">Archivo Capitular de la Catedral de León, c/ Cardenal Landázuri, 1, 24001 León, Spain</subfield>
         <subfield code="u">http://www.catedraldeleon.org/</subfield>
      </datafield>
      <datafield tag="551" ind1=" " ind2=" ">
         <subfield code="a">León</subfield>
         <subfield code="0">places/3903688</subfield>
      </datafield>
      <datafield tag="680" ind1=" " ind2=" ">
         <subfield code="a">El origen del archivo y biblioteca de la Catedral de León se sitúa hacia el año 860. Su organización abarca dos períodos: desde el siglo XII hasta finales del siglo XVIII y desde el siglo XVIII hasta la actualidad. El archivo de música contiene: A: Códices-Cantorales (120) y fragmentos (188). B: Fondo general (815 obras) del s. X al XXI. Destaca un antifonario mozárabe del s. X y fragmentos de los siglos X y XI, además de obras de Juan Pérez Roldán (s. XVII).</subfield>
      </datafield>
   </record>