
   <record>
      <leader>00000nz  a2200000nc 4500</leader>
      <controlfield tag="001">institutions/30079646</controlfield>
      <controlfield tag="003">DE-633</controlfield>
      <controlfield tag="005">20250620052125.0</controlfield>
      <controlfield tag="008">161109||||z|||a|||||||||||||||||n||||||d</controlfield>
      <datafield tag="024" ind1="7" ind2=" ">
         <subfield code="a">E-LCba</subfield>
         <subfield code="q">siglum</subfield>
         <subfield code="2">rism</subfield>
      </datafield>
      <datafield tag="040" ind1=" " ind2=" ">
         <subfield code="a">DE-633</subfield>
         <subfield code="c">DE-633</subfield>
         <subfield code="e">rismg</subfield>
      </datafield>
      <datafield tag="043" ind1=" " ind2=" ">
         <subfield code="c">XA-ES</subfield>
      </datafield>
      <datafield tag="110" ind1="2" ind2=" ">
         <subfield code="a">Real Academia Gallega de Bellas Artes Nuestra Señora del Rosario. Archivo Musical</subfield>
         <subfield code="c">A Coruña</subfield>
         <subfield code="g">E-LCba</subfield>
      </datafield>
      <datafield tag="368" ind1=" " ind2=" ">
         <subfield code="a">Institution</subfield>
      </datafield>
      <datafield tag="368" ind1=" " ind2=" ">
         <subfield code="a">Library</subfield>
      </datafield>
      <datafield tag="371" ind1=" " ind2=" ">
         <subfield code="a">Real Academia Gallega de Bellas Artes,  Nuestra Señora del Rosario. Archivo,  Musical, Palacio del Real Consulado del Mar, Pza. del Pintor Sotomayor, s/n, 15001 A Coruña, Spain</subfield>
         <subfield code="u">http://www.academiagallegabellasartes.org/archivoMusical.asp</subfield>
      </datafield>
      <datafield tag="551" ind1=" " ind2=" ">
         <subfield code="a">A Coruña</subfield>
         <subfield code="0">places/3904689</subfield>
      </datafield>
      <datafield tag="680" ind1=" " ind2=" ">
         <subfield code="a">Existing musical holdings currently consist of over 1,000 scores, and records, cassettes and videos. Most of this material comes from various donations made by prominent Galician musicians or their heirs. Its main project is the development of the collective catalog of musical scores of the 19th and 20th centuries published in Galicia, and later will be extended to other historical periods. It is also the responsibility of the Aacademy, in relation to the Archivo Musical de Galicia (Musical Archive of Galicia), editing and recording of musical works. Alongside these projects, they are publishing the catalogs of its collections, in order to spread them. Donations from: - Garaizábal - Mauricio Farto - Francisco Pillado - P. Xavier Méndez - Ricardo Olmos - Pilar Castillo - Rogelio Groba - Rodrigo A. de Santiago - Enrique Macías - Juan Durán - Eduardo Rodríguez-Losada Works on deposit:  - Manuel Quiroga</subfield>
      </datafield>
   </record>