
   <record>
      <leader>00000nz  a2200000nc 4500</leader>
      <controlfield tag="001">institutions/30080148</controlfield>
      <controlfield tag="003">DE-633</controlfield>
      <controlfield tag="005">20250620052129.0</controlfield>
      <controlfield tag="008">161109||||z|||a|||||||||||||||||n||||||d</controlfield>
      <datafield tag="024" ind1="7" ind2=" ">
         <subfield code="a">E-LCbfb</subfield>
         <subfield code="q">siglum</subfield>
         <subfield code="2">rism</subfield>
      </datafield>
      <datafield tag="040" ind1=" " ind2=" ">
         <subfield code="a">DE-633</subfield>
         <subfield code="c">DE-633</subfield>
         <subfield code="e">rismg</subfield>
      </datafield>
      <datafield tag="043" ind1=" " ind2=" ">
         <subfield code="c">XA-ES</subfield>
      </datafield>
      <datafield tag="110" ind1="2" ind2=" ">
         <subfield code="a">Biblioteca de la Fundación Barrié</subfield>
         <subfield code="c">A Coruña</subfield>
         <subfield code="g">E-LCbfb</subfield>
      </datafield>
      <datafield tag="368" ind1=" " ind2=" ">
         <subfield code="a">Institution</subfield>
      </datafield>
      <datafield tag="368" ind1=" " ind2=" ">
         <subfield code="a">Library</subfield>
      </datafield>
      <datafield tag="371" ind1=" " ind2=" ">
         <subfield code="a">Biblioteca de la Fundación Barrié, Cantón Grande, 9, 15003 A Coruña, Spain</subfield>
         <subfield code="u">http://www.fundacionbarrie.org/es/servicios/biblioteca</subfield>
      </datafield>
      <datafield tag="551" ind1=" " ind2=" ">
         <subfield code="a">A Coruña</subfield>
         <subfield code="0">places/3904689</subfield>
      </datafield>
      <datafield tag="680" ind1=" " ind2=" ">
         <subfield code="a">Posee una importante colección de partituras de compositores gallegos en la biblioteca Martínez - Barbeito. Cuenta además con grabaciones de los conciertos organizados por la Fundación Barrié de la Maza.</subfield>
      </datafield>
   </record>