
   <record>
      <leader>00000nz  a2200000nc 4500</leader>
      <controlfield tag="001">institutions/30079645</controlfield>
      <controlfield tag="003">DE-633</controlfield>
      <controlfield tag="005">20250620052125.0</controlfield>
      <controlfield tag="008">161109||||z|||a|||||||||||||||||n||||||d</controlfield>
      <datafield tag="024" ind1="7" ind2=" ">
         <subfield code="a">E-LCrag</subfield>
         <subfield code="q">siglum</subfield>
         <subfield code="2">rism</subfield>
      </datafield>
      <datafield tag="040" ind1=" " ind2=" ">
         <subfield code="a">DE-633</subfield>
         <subfield code="c">DE-633</subfield>
         <subfield code="e">rismg</subfield>
      </datafield>
      <datafield tag="043" ind1=" " ind2=" ">
         <subfield code="c">XA-ES</subfield>
      </datafield>
      <datafield tag="110" ind1="2" ind2=" ">
         <subfield code="a">Real Academia Galega. Arquivo</subfield>
         <subfield code="c">A Coruña</subfield>
         <subfield code="g">E-LCrag</subfield>
      </datafield>
      <datafield tag="368" ind1=" " ind2=" ">
         <subfield code="a">Institution</subfield>
      </datafield>
      <datafield tag="368" ind1=" " ind2=" ">
         <subfield code="a">Library</subfield>
      </datafield>
      <datafield tag="371" ind1=" " ind2=" ">
         <subfield code="a">Real Academia Galega. Arquivo, c/ Tabernas, 11, 15001 A Coruña, Spain</subfield>
         <subfield code="u">http://www.realacademiagalega.org/</subfield>
      </datafield>
      <datafield tag="551" ind1=" " ind2=" ">
         <subfield code="a">A Coruña</subfield>
         <subfield code="0">places/3904689</subfield>
      </datafield>
      <datafield tag="680" ind1=" " ind2=" ">
         <subfield code="a">Retains archives with personal, family and professional documentation, donated to the Real Academia Galega (Royal Academy of the Galician Language). Its musical holdings include:  - Fondo Marcial del Adalid (Marcial del Adalid collection), consisting own handwritten scores and other authors. - Fondo Luciano Caño (Luciano Caño collection), scores and manuscripts  - Fondo Manuel Mato Vizoso (Manuel Mato-Vizoso collection), with handwritten scores of his brother Santiago (James)</subfield>
      </datafield>
   </record>