
   <record>
      <leader>00000nz  a2200000nc 4500</leader>
      <controlfield tag="001">institutions/30079642</controlfield>
      <controlfield tag="003">DE-633</controlfield>
      <controlfield tag="005">20250620052125.0</controlfield>
      <controlfield tag="008">161109||||z|||a|||||||||||||||||n||||||d</controlfield>
      <datafield tag="024" ind1="7" ind2=" ">
         <subfield code="a">E-LCsmc</subfield>
         <subfield code="q">siglum</subfield>
         <subfield code="2">rism</subfield>
      </datafield>
      <datafield tag="040" ind1=" " ind2=" ">
         <subfield code="a">DE-633</subfield>
         <subfield code="c">DE-633</subfield>
         <subfield code="e">rismg</subfield>
      </datafield>
      <datafield tag="043" ind1=" " ind2=" ">
         <subfield code="c">XA-ES</subfield>
      </datafield>
      <datafield tag="110" ind1="2" ind2=" ">
         <subfield code="a">Archivo de la Colegiata de Santa María del Campo</subfield>
         <subfield code="c">A Coruña</subfield>
         <subfield code="g">E-LCsmc</subfield>
      </datafield>
      <datafield tag="368" ind1=" " ind2=" ">
         <subfield code="a">Institution</subfield>
      </datafield>
      <datafield tag="368" ind1=" " ind2=" ">
         <subfield code="a">Library</subfield>
      </datafield>
      <datafield tag="371" ind1=" " ind2=" ">
         <subfield code="a">Archivo de la Colegiata de Santa María,  del Campo, Pza. de Santa María, 1, 15001 A Coruña, Spain</subfield>
      </datafield>
      <datafield tag="551" ind1=" " ind2=" ">
         <subfield code="a">A Coruña</subfield>
         <subfield code="0">places/3904689</subfield>
      </datafield>
      <datafield tag="680" ind1=" " ind2=" ">
         <subfield code="a">Contains practically all music by composers belonging to the late 18th, 19th and very little of the early 20th. Some works are by musicians who worked on the same collegiate, as Antonio Machado, Gaspar Schmidt, Ramón Saeta, José Quiroga, Pascual Veiga, etc. and others are by musicians from different Spanish cathedrals, acquired by chapel masters of the collegiate, like Buono Chiodi, José Pacheco and Manuel Doyagüe.</subfield>
      </datafield>
   </record>