
   <record>
      <leader>00000nz  a2200000nc 4500</leader>
      <controlfield tag="001">institutions/30079609</controlfield>
      <controlfield tag="003">DE-633</controlfield>
      <controlfield tag="005">20250620052125.0</controlfield>
      <controlfield tag="008">161109||||z|||a|||||||||||||||||n||||||d</controlfield>
      <datafield tag="024" ind1="7" ind2=" ">
         <subfield code="a">E-LEie</subfield>
         <subfield code="q">siglum</subfield>
         <subfield code="2">rism</subfield>
      </datafield>
      <datafield tag="040" ind1=" " ind2=" ">
         <subfield code="a">DE-633</subfield>
         <subfield code="c">DE-633</subfield>
         <subfield code="e">rismg</subfield>
      </datafield>
      <datafield tag="043" ind1=" " ind2=" ">
         <subfield code="c">XA-ES</subfield>
      </datafield>
      <datafield tag="110" ind1="2" ind2=" ">
         <subfield code="a">Institut d’Estudis Ilerdencs. Servei d’Arxiu i Llegats</subfield>
         <subfield code="c">Lleida</subfield>
         <subfield code="g">E-LEie</subfield>
      </datafield>
      <datafield tag="368" ind1=" " ind2=" ">
         <subfield code="a">Institution</subfield>
      </datafield>
      <datafield tag="368" ind1=" " ind2=" ">
         <subfield code="a">Library</subfield>
      </datafield>
      <datafield tag="371" ind1=" " ind2=" ">
         <subfield code="a">Institut d’Estudis Ilerdencs. Servei,  d’Arxiu i Llegats, Pza. Catedral, s/n, 25002 Lleida, Spain</subfield>
         <subfield code="u">http://www.fpiei.cat/ca/serveis/servei-arxiu-llegats</subfield>
      </datafield>
      <datafield tag="551" ind1=" " ind2=" ">
         <subfield code="a">Lleida</subfield>
         <subfield code="0">places/3903187</subfield>
      </datafield>
      <datafield tag="680" ind1=" " ind2=" ">
         <subfield code="a">Manages, custody and reports the bibliographic and documentary heritage that make up the different legacies transferred to the Institut during the years. - Legado Enric Casassas i Cantó - Legado Francesc Safont - Legado Emili Pujol (Emili Pujol, 1886-1980)</subfield>
      </datafield>
   </record>