
   <record>
      <leader>00000nz  a2200000nc 4500</leader>
      <controlfield tag="001">institutions/30079666</controlfield>
      <controlfield tag="003">DE-633</controlfield>
      <controlfield tag="005">20250620052126.0</controlfield>
      <controlfield tag="008">161109||||z|||a|||||||||||||||||n||||||d</controlfield>
      <datafield tag="024" ind1="7" ind2=" ">
         <subfield code="a">E-LGD</subfield>
         <subfield code="q">siglum</subfield>
         <subfield code="2">rism</subfield>
      </datafield>
      <datafield tag="040" ind1=" " ind2=" ">
         <subfield code="a">DE-633</subfield>
         <subfield code="c">DE-633</subfield>
         <subfield code="e">rismg</subfield>
      </datafield>
      <datafield tag="043" ind1=" " ind2=" ">
         <subfield code="c">XA-ES</subfield>
      </datafield>
      <datafield tag="110" ind1="2" ind2=" ">
         <subfield code="a">Casa Parroquial de Laguardia</subfield>
         <subfield code="c">Laguardia</subfield>
         <subfield code="g">E-LGD</subfield>
      </datafield>
      <datafield tag="368" ind1=" " ind2=" ">
         <subfield code="a">Institution</subfield>
      </datafield>
      <datafield tag="368" ind1=" " ind2=" ">
         <subfield code="a">Library</subfield>
      </datafield>
      <datafield tag="371" ind1=" " ind2=" ">
         <subfield code="a">Casa Parroquial de Laguardia, c/ Samaniego, 3, 01300 Laguardia, Spain</subfield>
      </datafield>
      <datafield tag="551" ind1=" " ind2=" ">
         <subfield code="a">Laguardia</subfield>
         <subfield code="0">places/3905569</subfield>
      </datafield>
      <datafield tag="680" ind1=" " ind2=" ">
         <subfield code="a">From the mid-seventeenth century had a musical chapel, until 1842. Most of the works are for the 18th and early 19th centuries. 20 manuscripts are preserved complete. A total of 35 manuscripts of unknown author. Most of them belong to own chapel masters of Laguardia: Atilano San Juan, Blas de Alecha, Tomás Vélez-Calderón, Rafael Ustáriz and Pablo Sáenz Melendo. There are also Works by Calée, José de Cáseda, José Lanuza, José Mir y Llusá, Negueruela, José Polo, Francisco Secanilla, y Torres.</subfield>
      </datafield>
   </record>