
   <record>
      <leader>00000nz  a2200000nc 4500</leader>
      <controlfield tag="001">institutions/30079557</controlfield>
      <controlfield tag="003">DE-633</controlfield>
      <controlfield tag="005">20250620052125.0</controlfield>
      <controlfield tag="008">161109||||z|||a|||||||||||||||||n||||||d</controlfield>
      <datafield tag="024" ind1="7" ind2=" ">
         <subfield code="a">E-LINas</subfield>
         <subfield code="q">siglum</subfield>
         <subfield code="2">rism</subfield>
      </datafield>
      <datafield tag="040" ind1=" " ind2=" ">
         <subfield code="a">DE-633</subfield>
         <subfield code="c">DE-633</subfield>
         <subfield code="e">rismg</subfield>
      </datafield>
      <datafield tag="043" ind1=" " ind2=" ">
         <subfield code="c">XA-ES</subfield>
      </datafield>
      <datafield tag="110" ind1="2" ind2=" ">
         <subfield code="a">Fundación Centro de Documentación Musical Casa Museo Andrés Segovia</subfield>
         <subfield code="c">Linares</subfield>
         <subfield code="g">E-LINas</subfield>
      </datafield>
      <datafield tag="368" ind1=" " ind2=" ">
         <subfield code="a">Institution</subfield>
      </datafield>
      <datafield tag="368" ind1=" " ind2=" ">
         <subfield code="a">Library</subfield>
      </datafield>
      <datafield tag="371" ind1=" " ind2=" ">
         <subfield code="a">Fundación Centro de Documentación,  Musical Casa Museo Andrés Segovia, c/ Cánovas del Castillo, 59, 23700 Linares, Spain</subfield>
         <subfield code="u">http://www.segoviamuseo.com/</subfield>
      </datafield>
      <datafield tag="551" ind1=" " ind2=" ">
         <subfield code="a">Linares</subfield>
         <subfield code="0">places/3900533</subfield>
      </datafield>
      <datafield tag="680" ind1=" " ind2=" ">
         <subfield code="a">Andrés Segovia (1893-1987) It has its archive and library. With musical works by him, and other originals dedicated to him. In the museum are installed numerous furniture, fittings and other documentation related to the life and work of Maestro Segovia (guitars, personal items, clothing, investitures Doctor "Honoris Causa" from various universities, medals, titles, appointments, awards, discography, books, photographs, etc.).</subfield>
      </datafield>
   </record>