
   <record>
      <leader>00000nz  a2200000nc 4500</leader>
      <controlfield tag="001">institutions/30080149</controlfield>
      <controlfield tag="003">DE-633</controlfield>
      <controlfield tag="005">20250620052129.0</controlfield>
      <controlfield tag="008">161109||||z|||a|||||||||||||||||n||||||d</controlfield>
      <datafield tag="024" ind1="7" ind2=" ">
         <subfield code="a">E-LLA</subfield>
         <subfield code="q">siglum</subfield>
         <subfield code="2">rism</subfield>
      </datafield>
      <datafield tag="040" ind1=" " ind2=" ">
         <subfield code="a">DE-633</subfield>
         <subfield code="c">DE-633</subfield>
         <subfield code="e">rismg</subfield>
      </datafield>
      <datafield tag="043" ind1=" " ind2=" ">
         <subfield code="c">XA-ES</subfield>
      </datafield>
      <datafield tag="110" ind1="2" ind2=" ">
         <subfield code="a">Archivo Municipal de Llanes</subfield>
         <subfield code="c">Llanes</subfield>
         <subfield code="g">E-LLA</subfield>
      </datafield>
      <datafield tag="368" ind1=" " ind2=" ">
         <subfield code="a">Institution</subfield>
      </datafield>
      <datafield tag="368" ind1=" " ind2=" ">
         <subfield code="a">Library</subfield>
      </datafield>
      <datafield tag="371" ind1=" " ind2=" ">
         <subfield code="a">Archivo Municipal de Llanes, c/ Nemesio Sobrino, s/n, 33500  Llanes, Spain</subfield>
         <subfield code="u">http://www.ayuntamientodellanes.com/es/portal.do?TR=C&amp;IDR=536</subfield>
      </datafield>
      <datafield tag="551" ind1=" " ind2=" ">
         <subfield code="a">Llanes</subfield>
         <subfield code="0">places/3905639</subfield>
      </datafield>
      <datafield tag="680" ind1=" " ind2=" ">
         <subfield code="a">La colección musical la forman tres tipos de documentos: revistas musicales, partituras manuscritas y partituras impresas. Una de las partituras manuscritas corresponde a una versión para instrumento de teclado de la Danza peregrina de San Roque. Entre las partituras impresas destaca el Álbum Alma Asturiana, se trata de uno de los cancioneros más importantes de música popular.</subfield>
      </datafield>
   </record>