
   <record>
      <leader>00000nz  a2200000nc 4500</leader>
      <controlfield tag="001">institutions/30079577</controlfield>
      <controlfield tag="003">DE-633</controlfield>
      <controlfield tag="005">20250620052125.0</controlfield>
      <controlfield tag="008">161109||||z|||a|||||||||||||||||n||||||d</controlfield>
      <datafield tag="024" ind1="7" ind2=" ">
         <subfield code="a">E-LLc</subfield>
         <subfield code="q">siglum</subfield>
         <subfield code="2">rism</subfield>
      </datafield>
      <datafield tag="040" ind1=" " ind2=" ">
         <subfield code="a">DE-633</subfield>
         <subfield code="c">DE-633</subfield>
         <subfield code="e">rismg</subfield>
      </datafield>
      <datafield tag="043" ind1=" " ind2=" ">
         <subfield code="c">XA-ES</subfield>
      </datafield>
      <datafield tag="110" ind1="2" ind2=" ">
         <subfield code="a">Catedral de San Cristóbal de La Laguna. Archivo de Música</subfield>
         <subfield code="c">San Cristóbal de La Laguna (Tenerife)</subfield>
         <subfield code="g">E-LLc</subfield>
      </datafield>
      <datafield tag="368" ind1=" " ind2=" ">
         <subfield code="a">Institution</subfield>
      </datafield>
      <datafield tag="368" ind1=" " ind2=" ">
         <subfield code="a">Library</subfield>
      </datafield>
      <datafield tag="371" ind1=" " ind2=" ">
         <subfield code="a">Catedral de San Cristóbal de La Laguna.,  Archivo de Música, Pza. Fray Albino, s/n, 38201 San Cristóbal de La Laguna,  (Tenerife), Spain</subfield>
         <subfield code="u">http://www.catedraldelalaguna.blogspot.com.es/</subfield>
      </datafield>
      <datafield tag="551" ind1=" " ind2=" ">
         <subfield code="a">San Cristóbal de La Laguna (Tenerife)</subfield>
         <subfield code="0">places/3904793</subfield>
      </datafield>
      <datafield tag="680" ind1=" " ind2=" ">
         <subfield code="a">It houses a collection of motets, masses, responsories, hymns and 457 music scores of the 19th and 20th centuries in the digitization process. Most of the holdings corresponding to three authors: Miguel Jurado-Bustamante, Domingo Crisanto Delgado-Gómez and Carlos Guigou-Puyol.</subfield>
      </datafield>
   </record>