
   <record>
      <leader>00000nz  a2200000nc 4500</leader>
      <controlfield tag="001">institutions/30079576</controlfield>
      <controlfield tag="003">DE-633</controlfield>
      <controlfield tag="005">20250620052125.0</controlfield>
      <controlfield tag="008">161109||||z|||a|||||||||||||||||n||||||d</controlfield>
      <datafield tag="024" ind1="7" ind2=" ">
         <subfield code="a">E-LLh</subfield>
         <subfield code="q">siglum</subfield>
         <subfield code="2">rism</subfield>
      </datafield>
      <datafield tag="040" ind1=" " ind2=" ">
         <subfield code="a">DE-633</subfield>
         <subfield code="c">DE-633</subfield>
         <subfield code="e">rismg</subfield>
      </datafield>
      <datafield tag="043" ind1=" " ind2=" ">
         <subfield code="c">XA-ES</subfield>
      </datafield>
      <datafield tag="110" ind1="2" ind2=" ">
         <subfield code="a">Archivo Histórico Provincial de Santa Cruz de Tenerife</subfield>
         <subfield code="c">San Cristóbal de La Laguna (Tenerife)</subfield>
         <subfield code="g">E-LLh</subfield>
      </datafield>
      <datafield tag="368" ind1=" " ind2=" ">
         <subfield code="a">Institution</subfield>
      </datafield>
      <datafield tag="368" ind1=" " ind2=" ">
         <subfield code="a">Library</subfield>
      </datafield>
      <datafield tag="371" ind1=" " ind2=" ">
         <subfield code="a">Archivo Histórico Provincial de Santa,  Cruz de Tenerife, Camino de la Hornera, 78, 38296 San Cristóbal de La Laguna,  (Tenerife), Spain</subfield>
         <subfield code="u">http://www.gobiernodecanarias.org/ccdpsv/cultura/archivosantacruzdetenerife/</subfield>
      </datafield>
      <datafield tag="551" ind1=" " ind2=" ">
         <subfield code="a">San Cristóbal de La Laguna (Tenerife)</subfield>
         <subfield code="0">places/3904793</subfield>
      </datafield>
      <datafield tag="680" ind1=" " ind2=" ">
         <subfield code="a">Custody the following holdings and collections: - Archivo Zárate Cólogan (Zárate Cólogan Archive) - Emma Martínez de la Torre - Rafel Hardisson Pizarroso - Felipe Neri - Colección Cirilo Olivera (Cirilo Olivera collection)</subfield>
      </datafield>
   </record>