
   <record>
      <leader>00000nz  a2200000nc 4500</leader>
      <controlfield tag="001">institutions/30003294</controlfield>
      <controlfield tag="003">DE-633</controlfield>
      <controlfield tag="005">20250620052020.0</controlfield>
      <controlfield tag="008">161109||||z|||a|||||||||||||||||n||||||d</controlfield>
      <datafield tag="024" ind1="7" ind2=" ">
         <subfield code="a">E-LPA</subfield>
         <subfield code="q">siglum</subfield>
         <subfield code="2">rism</subfield>
      </datafield>
      <datafield tag="034" ind1="1" ind2=" ">
         <subfield code="d">-15.415444167275945</subfield>
         <subfield code="f">28.10044474678626</subfield>
      </datafield>
      <datafield tag="040" ind1=" " ind2=" ">
         <subfield code="a">DE-633</subfield>
         <subfield code="c">DE-633</subfield>
         <subfield code="e">rismg</subfield>
      </datafield>
      <datafield tag="043" ind1=" " ind2=" ">
         <subfield code="c">XA-ES</subfield>
      </datafield>
      <datafield tag="110" ind1="1" ind2=" ">
         <subfield code="a">Archivo de Música de la Catedral de las Palmas de Gran Canaria</subfield>
         <subfield code="c">Las Palmas de Gran Canaria</subfield>
         <subfield code="g">E-LPA</subfield>
      </datafield>
      <datafield tag="368" ind1=" " ind2=" ">
         <subfield code="a">Institution</subfield>
         <subfield code="a">Library</subfield>
         <subfield code="a">Archive</subfield>
      </datafield>
      <datafield tag="371" ind1=" " ind2=" ">
         <subfield code="a">Pz. de Santa Ana, s/n</subfield>
         <subfield code="b">35001 Las Palmas de Gran Canaria</subfield>
         <subfield code="d">Spain</subfield>
         <subfield code="m">archivo@diocesisdecanarias.org</subfield>
         <subfield code="u">https://www.canarias7.es/cultura/archivo-musica-catedral-20220707194752-nt.html</subfield>
         <subfield code="z">tel: +34 / 928 314 989</subfield>
         <subfield code="z">fax: +34 / 928 314 989</subfield>
      </datafield>
      <datafield tag="551" ind1="1" ind2=" ">
         <subfield code="a">Las Palmas de Gran Canaria</subfield>
         <subfield code="0">places/3903769</subfield>
      </datafield>
      <datafield tag="680" ind1="1" ind2=" ">
         <subfield code="a">De la importantísima colección que reunió de los grandes autores de los siglos XVI y XVII, y que incluía obras de Victoria, Morales, Francisco Guerrero, etc., solo quedan fragmentos del libro de misas de Alonso Lobo, del libro de magnificat de Sebastián Aguilera de Heredia, un libro de misas y motetes de Sebastián López de Velasco, etc. La mayor parte del fondo son obras de los maestros de la capilla catedralicia, entre ellos, Joaquín García, de quien se conserva un mayor número de obras, Melchor Cabello, el más antiguo autor conservado, etc. De los compositores canarios representados en el archivo, fueron en su mayoría organistas menores de finales del siglo XVIII y principios del XIX, y pueden destacarse: Mateo Romero, Cristóbal José Millares, Mateo Guerra, Antonio Oliva, José Rodríguez Martín, Agustín José Betancur o José María de la Torre.</subfield>
      </datafield>
   </record>