
   <record>
      <leader>00000nz  a2200000nc 4500</leader>
      <controlfield tag="001">institutions/30006211</controlfield>
      <controlfield tag="003">DE-633</controlfield>
      <controlfield tag="005">20250620052045.0</controlfield>
      <controlfield tag="008">161109||||z|||a|||||||||||||||||n||||||d</controlfield>
      <datafield tag="024" ind1="7" ind2=" ">
         <subfield code="a">E-LPAm</subfield>
         <subfield code="q">siglum</subfield>
         <subfield code="2">rism</subfield>
      </datafield>
      <datafield tag="040" ind1=" " ind2=" ">
         <subfield code="a">DE-633</subfield>
         <subfield code="c">DE-633</subfield>
         <subfield code="e">rismg</subfield>
      </datafield>
      <datafield tag="043" ind1=" " ind2=" ">
         <subfield code="c">XA-ES</subfield>
      </datafield>
      <datafield tag="110" ind1="2" ind2=" ">
         <subfield code="a">Museo Canario. Fondos musicales</subfield>
         <subfield code="c">Las Palmas de Gran Canaria</subfield>
         <subfield code="g">E-LPAm</subfield>
      </datafield>
      <datafield tag="368" ind1=" " ind2=" ">
         <subfield code="a">Institution</subfield>
      </datafield>
      <datafield tag="368" ind1=" " ind2=" ">
         <subfield code="a">Library</subfield>
      </datafield>
      <datafield tag="371" ind1=" " ind2=" ">
         <subfield code="a">Museo Canario. Fondos musicales, Vegueta, c/ Doctor Vernau, 2, 35001 Las Palmas de Gran Canaria, Spain</subfield>
         <subfield code="u">http://www.elmuseocanario.com/</subfield>
      </datafield>
      <datafield tag="551" ind1=" " ind2=" ">
         <subfield code="a">Las Palmas de Gran Canaria</subfield>
         <subfield code="0">places/3903769</subfield>
      </datafield>
      <datafield tag="667" ind1=" " ind2=" ">
         <subfield code="a">Published sources: 9</subfield>
      </datafield>
      <datafield tag="680" ind1=" " ind2=" ">
         <subfield code="a">Alberga partituras de compositores nacidos o residentes en Canarias desde el siglo XVII hasta la actualidad y, excepcionalmente, autores ajenos a las islas que han escrito obras encargadas por instituciones en Canarias o dedicadas tanto al archipiélago como a músicos canarios. Cuenta también con documentos procedentes de otras colecciones documentales y con archivos personales de compositores canarios donados por ellos mismos o sus familiares. Fondos y colecciones: - Biblioteca de Bernardino Valle Chinestra - Archivo Víctor Doreste Grande - Archivo José Avellaneda - Archivo Santiago Tejera Ossavarry - Archivo Rafael Dávila - Legado Juan Reyes Armas - Archivo Luis Machado Medina y Carmen Martinón - Archivo Andrés García Déniz - Archivo Manuel Peñate - Archivo Juan Alberto Monzón - Archivo musical Lothar Siemens Hernández</subfield>
      </datafield>
   </record>