
   <record>
      <leader>00000nz  a2200000nc 4500</leader>
      <controlfield tag="001">institutions/30079619</controlfield>
      <controlfield tag="003">DE-633</controlfield>
      <controlfield tag="005">20250620052125.0</controlfield>
      <controlfield tag="008">161109||||z|||a|||||||||||||||||n||||||d</controlfield>
      <datafield tag="024" ind1="7" ind2=" ">
         <subfield code="a">E-LRM</subfield>
         <subfield code="q">siglum</subfield>
         <subfield code="2">rism</subfield>
      </datafield>
      <datafield tag="040" ind1=" " ind2=" ">
         <subfield code="a">DE-633</subfield>
         <subfield code="c">DE-633</subfield>
         <subfield code="e">rismg</subfield>
      </datafield>
      <datafield tag="043" ind1=" " ind2=" ">
         <subfield code="c">XA-ES</subfield>
      </datafield>
      <datafield tag="110" ind1="2" ind2=" ">
         <subfield code="a">Fundación Antón García Abril. Archivo y Documentación</subfield>
         <subfield code="c">Las Rozas de Madrid</subfield>
         <subfield code="g">E-LRM</subfield>
      </datafield>
      <datafield tag="368" ind1=" " ind2=" ">
         <subfield code="a">Institution</subfield>
      </datafield>
      <datafield tag="368" ind1=" " ind2=" ">
         <subfield code="a">Library</subfield>
      </datafield>
      <datafield tag="371" ind1=" " ind2=" ">
         <subfield code="a">Fundación Antón García Abril. Archivo y,  Documentación, c/ Cabo Candelaria, 9, 28290 Las Rozas de Madrid, Spain</subfield>
         <subfield code="u">http://www.fundacionantongarciaabril.com/</subfield>
      </datafield>
      <datafield tag="551" ind1=" " ind2=" ">
         <subfield code="a">Las Rozas de Madrid</subfield>
         <subfield code="0">places/3905555</subfield>
      </datafield>
      <datafield tag="680" ind1=" " ind2=" ">
         <subfield code="a">Antón García-Abril (*1933) The Antón García Abril Foundation preserves the composer's work for reference and study. It is in the process of digitization and documentation of all music archives as much biographical related to the author, in order to create virtual library Antón García Abril.</subfield>
      </datafield>
   </record>