
   <record>
      <leader>00000nz  a2200000nc 4500</leader>
      <controlfield tag="001">institutions/30080175</controlfield>
      <controlfield tag="003">DE-633</controlfield>
      <controlfield tag="005">20250620052129.0</controlfield>
      <controlfield tag="008">161109||||z|||a|||||||||||||||||n||||||d</controlfield>
      <datafield tag="024" ind1="7" ind2=" ">
         <subfield code="a">E-LRMmh</subfield>
         <subfield code="q">siglum</subfield>
         <subfield code="2">rism</subfield>
      </datafield>
      <datafield tag="040" ind1=" " ind2=" ">
         <subfield code="a">DE-633</subfield>
         <subfield code="c">DE-633</subfield>
         <subfield code="e">rismg</subfield>
      </datafield>
      <datafield tag="043" ind1=" " ind2=" ">
         <subfield code="c">XA-ES</subfield>
      </datafield>
      <datafield tag="110" ind1="2" ind2=" ">
         <subfield code="a">Museo Hazen. Colección del Piano</subfield>
         <subfield code="c">Las Rozas de Madrid</subfield>
         <subfield code="g">E-LRMmh</subfield>
      </datafield>
      <datafield tag="368" ind1=" " ind2=" ">
         <subfield code="a">Institution</subfield>
      </datafield>
      <datafield tag="368" ind1=" " ind2=" ">
         <subfield code="a">Library</subfield>
      </datafield>
      <datafield tag="371" ind1=" " ind2=" ">
         <subfield code="a">Museo Hazen. Colección del Piano, Ctra. de la Coruña, 28230 Las Rozas de Madrid, Spain</subfield>
         <subfield code="u">http://www.museohazen.com/</subfield>
      </datafield>
      <datafield tag="551" ind1=" " ind2=" ">
         <subfield code="a">Las Rozas de Madrid</subfield>
         <subfield code="0">places/3905555</subfield>
      </datafield>
      <datafield tag="680" ind1=" " ind2=" ">
         <subfield code="a">Reúne 40 piezas únicas fabricadas en los siglos XVIII, XIX y XX, además de documentos históricos del ámbito pianístico. También puede visitarse de forma virtual. Colección constituida por una caja para el papel perforado, armonios, clavicordio, distintos tipos de pianos, órganos, etc.</subfield>
      </datafield>
   </record>