
   <record>
      <leader>00000nz  a2200000nc 4500</leader>
      <controlfield tag="001">institutions/30080144</controlfield>
      <controlfield tag="003">DE-633</controlfield>
      <controlfield tag="005">20250620052129.0</controlfield>
      <controlfield tag="008">161109||||z|||a|||||||||||||||||n||||||d</controlfield>
      <datafield tag="024" ind1="7" ind2=" ">
         <subfield code="a">E-LUcim</subfield>
         <subfield code="q">siglum</subfield>
         <subfield code="2">rism</subfield>
      </datafield>
      <datafield tag="040" ind1=" " ind2=" ">
         <subfield code="a">DE-633</subfield>
         <subfield code="c">DE-633</subfield>
         <subfield code="e">rismg</subfield>
      </datafield>
      <datafield tag="043" ind1=" " ind2=" ">
         <subfield code="c">XA-ES</subfield>
      </datafield>
      <datafield tag="110" ind1="2" ind2=" ">
         <subfield code="a">Colección de Instrumentos Musicais e Obxectos Sonoros</subfield>
         <subfield code="c">Lugo</subfield>
         <subfield code="g">E-LUcim</subfield>
      </datafield>
      <datafield tag="368" ind1=" " ind2=" ">
         <subfield code="a">Institution</subfield>
      </datafield>
      <datafield tag="368" ind1=" " ind2=" ">
         <subfield code="a">Library</subfield>
      </datafield>
      <datafield tag="371" ind1=" " ind2=" ">
         <subfield code="a">Colección de Instrumentos Musicais e,  Obxectos Sonoros, Travesía da rúa Chantada, s/n, 27004 Lugo, Spain</subfield>
         <subfield code="u">http://museos.xunta.es/gl/instrumentos-centrad</subfield>
      </datafield>
      <datafield tag="551" ind1=" " ind2=" ">
         <subfield code="a">Lugo</subfield>
         <subfield code="0">places/3903818</subfield>
      </datafield>
      <datafield tag="680" ind1=" " ind2=" ">
         <subfield code="a">La colección está constituida por fondos procedentes de la antigua sección de música del Museo Provincial de Lugo, donaciones de particulares y una importante colección de instrumentos construidos en el Obradoiro, así como instrumentos mecánicos y de cuerda de distintas partes del mundo. Completan la colección importantes fondos documentales y bibliográficos relacionados con la materia. Destaca la colección más completa en Europa de réplicas de instrumentos de cuerda medievales de los siglos XII y XIII. Cuenta además con biblioteca y archivo especializados con fondos documentales de libre consulta.</subfield>
      </datafield>
   </record>