
   <record>
      <leader>00000nz  a2200000nc 4500</leader>
      <controlfield tag="001">institutions/30080757</controlfield>
      <controlfield tag="003">DE-633</controlfield>
      <controlfield tag="005">20250620052133.0</controlfield>
      <controlfield tag="008">161109||||z|||a|||||||||||||||||n||||||d</controlfield>
      <datafield tag="024" ind1="7" ind2=" ">
         <subfield code="a">E-LUmp</subfield>
         <subfield code="q">siglum</subfield>
         <subfield code="2">rism</subfield>
      </datafield>
      <datafield tag="034" ind1="2" ind2=" ">
         <subfield code="d">-7.874759</subfield>
         <subfield code="f">43.180113</subfield>
      </datafield>
      <datafield tag="040" ind1=" " ind2=" ">
         <subfield code="a">DE-633</subfield>
         <subfield code="c">DE-633</subfield>
         <subfield code="e">rismg</subfield>
      </datafield>
      <datafield tag="043" ind1=" " ind2=" ">
         <subfield code="c">XA-ES</subfield>
      </datafield>
      <datafield tag="110" ind1="2" ind2=" ">
         <subfield code="a">Archivo del Museo Provincial de Lugo</subfield>
         <subfield code="c">Lugo</subfield>
         <subfield code="g">E-LUmp</subfield>
      </datafield>
      <datafield tag="368" ind1=" " ind2=" ">
         <subfield code="a">Institution</subfield>
      </datafield>
      <datafield tag="368" ind1=" " ind2=" ">
         <subfield code="a">Library</subfield>
      </datafield>
      <datafield tag="371" ind1=" " ind2=" ">
         <subfield code="a">Archivo del Museo Provincial de Lugo, Praza da Soidade s/n, 27001 Lugo, Spain</subfield>
         <subfield code="u">http://redemuseisticalugo.org/presentacion.asp?mat=2</subfield>
      </datafield>
      <datafield tag="551" ind1=" " ind2=" ">
         <subfield code="a">Lugo</subfield>
         <subfield code="0">places/3903818</subfield>
      </datafield>
      <datafield tag="680" ind1=" " ind2=" ">
         <subfield code="a">It contains musical holdings, with documentation concerning to Vicente Latorre Ventura, José Torres Creo, Pilar Castillo, Mauricio Farto Corral, Juan Montes, Enrique Lens Vieira, Pascual Veiga or Reveriano Soutullo.</subfield>
      </datafield>
   </record>