
   <record>
      <leader>00000nz  a2200000nc 4500</leader>
      <controlfield tag="001">institutions/30080183</controlfield>
      <controlfield tag="003">DE-633</controlfield>
      <controlfield tag="005">20250620052129.0</controlfield>
      <controlfield tag="008">161109||||z|||a|||||||||||||||||n||||||d</controlfield>
      <datafield tag="024" ind1="7" ind2=" ">
         <subfield code="a">E-MAahp</subfield>
         <subfield code="q">siglum</subfield>
         <subfield code="2">rism</subfield>
      </datafield>
      <datafield tag="040" ind1=" " ind2=" ">
         <subfield code="a">DE-633</subfield>
         <subfield code="c">DE-633</subfield>
         <subfield code="e">rismg</subfield>
      </datafield>
      <datafield tag="043" ind1=" " ind2=" ">
         <subfield code="c">XA-ES</subfield>
      </datafield>
      <datafield tag="110" ind1="2" ind2=" ">
         <subfield code="a">Archivo Histórico Provincial de Málaga</subfield>
         <subfield code="c">Málaga</subfield>
         <subfield code="g">E-MAahp</subfield>
      </datafield>
      <datafield tag="368" ind1=" " ind2=" ">
         <subfield code="a">Institution</subfield>
      </datafield>
      <datafield tag="368" ind1=" " ind2=" ">
         <subfield code="a">Library</subfield>
      </datafield>
      <datafield tag="371" ind1=" " ind2=" ">
         <subfield code="a">Archivo Histórico Provincial de Málaga, c/ Martínez de la Rosa, 8, 29009 Málaga, Spain</subfield>
         <subfield code="u">http://www.juntadeandalucia.es/culturaydeporte/archivos/web_es</subfield>
      </datafield>
      <datafield tag="551" ind1=" " ind2=" ">
         <subfield code="a">Málaga</subfield>
         <subfield code="0">places/3902568</subfield>
      </datafield>
      <datafield tag="680" ind1=" " ind2=" ">
         <subfield code="a">Cuenta con 67 obras musicales de principios del siglo XVIII que se encontraban ocultas en legajos notariales. Se trata de música de danzas populares, lecciones de guitarra, etc. Destacan las partituras para guitarra barroca y canto que, probablemente, sean las más antiguas de Andalucía para esta formación.</subfield>
      </datafield>
   </record>