
   <record>
      <leader>00000nz  a2200000nc 4500</leader>
      <controlfield tag="001">institutions/30001389</controlfield>
      <controlfield tag="003">DE-633</controlfield>
      <controlfield tag="005">20250620052004.0</controlfield>
      <controlfield tag="008">161109||||z|||a|||||||||||||||||n||||||d</controlfield>
      <datafield tag="024" ind1="7" ind2=" ">
         <subfield code="a">150819331</subfield>
         <subfield code="2">VIAF</subfield>
      </datafield>
      <datafield tag="024" ind1="7" ind2=" ">
         <subfield code="a">Q11680213</subfield>
         <subfield code="2">WKP</subfield>
      </datafield>
      <datafield tag="024" ind1="7" ind2=" ">
         <subfield code="a">E-MO</subfield>
         <subfield code="q">siglum</subfield>
         <subfield code="2">rism</subfield>
      </datafield>
      <datafield tag="034" ind1="1" ind2=" ">
         <subfield code="d">1.8376796819754406</subfield>
         <subfield code="f">41.59332515911076</subfield>
      </datafield>
      <datafield tag="040" ind1=" " ind2=" ">
         <subfield code="a">DE-633</subfield>
         <subfield code="c">DE-633</subfield>
         <subfield code="e">rismg</subfield>
      </datafield>
      <datafield tag="043" ind1=" " ind2=" ">
         <subfield code="c">XA-ES</subfield>
      </datafield>
      <datafield tag="110" ind1="1" ind2=" ">
         <subfield code="a">Arxiu Històric Musical de Montserrat - Biblioteca de Montserrat</subfield>
         <subfield code="c">Montserrat</subfield>
         <subfield code="g">E-MO</subfield>
      </datafield>
      <datafield tag="368" ind1=" " ind2=" ">
         <subfield code="a">Institution</subfield>
         <subfield code="a">Library</subfield>
         <subfield code="a">Archive</subfield>
      </datafield>
      <datafield tag="371" ind1=" " ind2=" ">
         <subfield code="a">Abadia de Montserrat</subfield>
         <subfield code="b">08199 Montserrat</subfield>
         <subfield code="c">Catalunya</subfield>
         <subfield code="d">Spain</subfield>
         <subfield code="m">biblioteca@abadiamontserrat.net</subfield>
         <subfield code="u">https://bibliotecademontserrat.cat/</subfield>
         <subfield code="u">https://abadiamontserrat.cat/fundacion/arxiu-de-musica-de-montserrat/</subfield>
         <subfield code="z">tel: : +34 / 938 77 77 68</subfield>
      </datafield>
      <datafield tag="410" ind1=" " ind2=" ">
         <subfield code="a">Arxiu de Música de l’Abadia de Montserrat</subfield>
      </datafield>
      <datafield tag="410" ind1=" " ind2=" ">
         <subfield code="a">Arxiu de Música del Monestir de Montserrat.</subfield>
      </datafield>
      <datafield tag="410" ind1=" " ind2=" ">
         <subfield code="a">Archivo de Música de la Abadía de Montserrat</subfield>
      </datafield>
      <datafield tag="551" ind1="1" ind2=" ">
         <subfield code="a">Montserrat</subfield>
         <subfield code="0">places/3903188</subfield>
      </datafield>
      <datafield tag="667" ind1=" " ind2=" ">
         <subfield code="a">Published sources: 86</subfield>
      </datafield>
      <datafield tag="680" ind1="1" ind2=" ">
         <subfield code="a">Desde su fundación, en el siglo XI, el monasterio de Montserrat ha contado con un escritorio y una biblioteca. Actualmente, la biblioteca contiene obras manuscritas e incunables, tanto de la biblioteca anterior al 1811, destruida durante las guerras napoleónicas, como de la biblioteca actual, formada a partir de mediados del siglo XIX. Destaca entre sus fondos el manuscrito original del Llibre vermell.Contact: Pare Daniel Codina Desde su fundación, en el siglo XI, el monasterio de Montserrat ha contado con un escritorio y una biblioteca. Actualmente, la biblioteca contiene obras manuscritas e incunables, tanto de la biblioteca anterior al 1811, destruida durante las guerras napoleónicas, como de la biblioteca actual, formada a partir de mediados del siglo XIX. Destaca entre sus fondos el manuscrito original del Llibre vermell.Contact: Pare Daniel Codina ; Desde su fundación, en el siglo XI, el monasterio de Montserrat ha contado con un escritorio y una biblioteca. Actualmente, la biblioteca contiene obras manuscritas e incunables, tanto de la biblioteca anterior al 1811, destruida durante las guerras napoleónicas, como de la biblioteca actual, formada a partir de mediados del siglo XIX. Destaca entre sus fondos el manuscrito original del Llibre vermell.Contact: Pare Daniel Codina Desde su fundación, en el siglo XI, el monasterio de Montserrat ha contado con un escritorio y una biblioteca. Actualmente, la biblioteca contiene obras manuscritas e incunables, tanto de la biblioteca anterior al 1811, destruida durante las guerras napoleónicas, como de la biblioteca actual, formada a partir de mediados del siglo XIX. Destaca entre sus fondos el manuscrito original del Llibre vermell.Contact: Pare Daniel Codina</subfield>
      </datafield>
   </record>