
   <record>
      <leader>00000nz  a2200000nc 4500</leader>
      <controlfield tag="001">institutions/30079675</controlfield>
      <controlfield tag="003">DE-633</controlfield>
      <controlfield tag="005">20250620052126.0</controlfield>
      <controlfield tag="008">161109||||z|||a|||||||||||||||||n||||||d</controlfield>
      <datafield tag="024" ind1="7" ind2=" ">
         <subfield code="a">E-MUar</subfield>
         <subfield code="q">siglum</subfield>
         <subfield code="2">rism</subfield>
      </datafield>
      <datafield tag="040" ind1=" " ind2=" ">
         <subfield code="a">DE-633</subfield>
         <subfield code="c">DE-633</subfield>
         <subfield code="e">rismg</subfield>
      </datafield>
      <datafield tag="043" ind1=" " ind2=" ">
         <subfield code="c">XA-ES</subfield>
      </datafield>
      <datafield tag="110" ind1="2" ind2=" ">
         <subfield code="a">Archivo General de la Región de Murcia</subfield>
         <subfield code="c">Murcia</subfield>
         <subfield code="g">E-MUar</subfield>
      </datafield>
      <datafield tag="368" ind1=" " ind2=" ">
         <subfield code="a">Institution</subfield>
      </datafield>
      <datafield tag="368" ind1=" " ind2=" ">
         <subfield code="a">Library</subfield>
      </datafield>
      <datafield tag="371" ind1=" " ind2=" ">
         <subfield code="a">Archivo General de la Región de Murcia, Av. de los Pinos, 4, 30009  Murcia, Spain</subfield>
         <subfield code="u">http://archivoweb.carm.es/archivoGeneral/arg.inicio</subfield>
      </datafield>
      <datafield tag="551" ind1=" " ind2=" ">
         <subfield code="a">Murcia</subfield>
         <subfield code="0">places/3904589</subfield>
      </datafield>
      <datafield tag="680" ind1=" " ind2=" ">
         <subfield code="a">Collection of musical scores, coming from the disappeared Centro de Documentación Musical de la Región de Murcia (Musical Documentation Centre of the Region of Murcia). Holdings and music collections: - Manuel Massotti-Escuder - Anselmo Espinosa del Águila - Agustín Sánchez-López - Manuel Fernández-Caballero - Mario Medina-Seguí - Manuel Massotti-Littel - Antonio López-Villanueva - Miguel Franco - David Templado-Tornero - José Sandoval-Bernal - Antonio Ginés Abellán-Alcaraz - Antón Roch - Benito Lauret - Ginés Torrano - Colección musical de la Real Academia Alfonso X El Sabio de Murcia (Musical collection of the Royal Academy of king Alfonso X The Wise, in Murcia) - José Luis López-García</subfield>
      </datafield>
   </record>