
   <record>
      <leader>00000nz  a2200000nc 4500</leader>
      <controlfield tag="001">institutions/30006220</controlfield>
      <controlfield tag="003">DE-633</controlfield>
      <controlfield tag="005">20250620052046.0</controlfield>
      <controlfield tag="008">161109||||z|||a|||||||||||||||||n||||||d</controlfield>
      <datafield tag="024" ind1="7" ind2=" ">
         <subfield code="a">E-MUsc</subfield>
         <subfield code="q">siglum</subfield>
         <subfield code="2">rism</subfield>
      </datafield>
      <datafield tag="040" ind1=" " ind2=" ">
         <subfield code="a">DE-633</subfield>
         <subfield code="c">DE-633</subfield>
         <subfield code="e">rismg</subfield>
      </datafield>
      <datafield tag="043" ind1=" " ind2=" ">
         <subfield code="c">XA-ES</subfield>
      </datafield>
      <datafield tag="110" ind1="2" ind2=" ">
         <subfield code="a">Biblioteca y Archivo de Autores Murcianos del Conservatorio Superior de Música de Murcia Manuel Massotti Littel</subfield>
         <subfield code="c">Murcia</subfield>
         <subfield code="g">E-MUsc</subfield>
      </datafield>
      <datafield tag="368" ind1=" " ind2=" ">
         <subfield code="a">Library</subfield>
      </datafield>
      <datafield tag="368" ind1=" " ind2=" ">
         <subfield code="a">Institution</subfield>
      </datafield>
      <datafield tag="371" ind1=" " ind2=" ">
         <subfield code="a">Biblioteca y Archivo de Autores,  Murcianos del Conservatorio Superior de,  Música de Murcia Manuel Massotti Littel, Pº del Malecón, 9, 30004 Murcia, Spain</subfield>
         <subfield code="u">http://www.csmmurcia.com/archivo.htm</subfield>
      </datafield>
      <datafield tag="410" ind1="2" ind2=" ">
         <subfield code="a">Conservatorio Superior de Música de Murcia, Biblioteca</subfield>
      </datafield>
      <datafield tag="551" ind1=" " ind2=" ">
         <subfield code="a">Murcia</subfield>
         <subfield code="0">places/3904589</subfield>
      </datafield>
      <datafield tag="667" ind1=" " ind2=" ">
         <subfield code="a">Published sources: 3</subfield>
      </datafield>
      <datafield tag="680" ind1=" " ind2=" ">
         <subfield code="a">Fondo documental que recoge manuscritos de música, copias o ediciones de obras, documentos, estudios, etc., relacionados con los compositores nacidos en Murcia o vinculados estrechamente a la región. Su finalidad es facilitar el estudio de la producción de los compositores incluidos en el mismo, permitir su audición por el público y, en la medida de las posibilidades del Centro, abordar la publicación de lo inédito.</subfield>
      </datafield>
   </record>