
   <record>
      <leader>00000nz  a2200000nc 4500</leader>
      <controlfield tag="001">institutions/30079628</controlfield>
      <controlfield tag="003">DE-633</controlfield>
      <controlfield tag="005">20250620052125.0</controlfield>
      <controlfield tag="008">161109||||z|||a|||||||||||||||||n||||||d</controlfield>
      <datafield tag="024" ind1="7" ind2=" ">
         <subfield code="a">E-Maa</subfield>
         <subfield code="q">siglum</subfield>
         <subfield code="2">rism</subfield>
      </datafield>
      <datafield tag="040" ind1=" " ind2=" ">
         <subfield code="a">DE-633</subfield>
         <subfield code="c">DE-633</subfield>
         <subfield code="e">rismg</subfield>
      </datafield>
      <datafield tag="043" ind1=" " ind2=" ">
         <subfield code="c">XA-ES</subfield>
      </datafield>
      <datafield tag="110" ind1="2" ind2=" ">
         <subfield code="a">Centro de Archivo y Documentación Albéniz</subfield>
         <subfield code="c">Madrid</subfield>
         <subfield code="g">E-Maa</subfield>
      </datafield>
      <datafield tag="368" ind1=" " ind2=" ">
         <subfield code="a">Institution</subfield>
      </datafield>
      <datafield tag="368" ind1=" " ind2=" ">
         <subfield code="a">Library</subfield>
      </datafield>
      <datafield tag="371" ind1=" " ind2=" ">
         <subfield code="a">Centro de Archivo y Documentación,  Albéniz, c/ Requena, 1, 28013 Madrid, Spain</subfield>
         <subfield code="u">http://www.fundacionalbeniz.com/</subfield>
      </datafield>
      <datafield tag="551" ind1=" " ind2=" ">
         <subfield code="a">Madrid</subfield>
         <subfield code="0">places/3900371</subfield>
      </datafield>
      <datafield tag="680" ind1=" " ind2=" ">
         <subfield code="a">The Archive of the Albéniz Foundation collects material generated since 1972 in each of the programs carried out by the Foundation.  The collection documents the Concurso Internacional de Piano de Santander (International Piano Competition of Santander), the Escuela Superior de Música Reina Sofía (High School of Music Reina Sofia), the Encuentro de Música y Academia (Academy of Music and Meeting) or the Escuela virtual de música Magister Musicae (Virtual music school Magister Musicae).  Collections: - Fondo Rubinstein (Rubinstein collection) - Fondo Albéniz: Cartas (letters) - Fondo Federico Mompou - Fondo Luis Galve - Fondo Elaine Brody</subfield>
      </datafield>
   </record>