
   <record>
      <leader>00000nz  a2200000nc 4500</leader>
      <controlfield tag="001">institutions/30001381</controlfield>
      <controlfield tag="003">DE-633</controlfield>
      <controlfield tag="005">20250620052004.0</controlfield>
      <controlfield tag="008">161109||||z|||a|||||||||||||||||n||||||d</controlfield>
      <datafield tag="024" ind1="7" ind2=" ">
         <subfield code="a">126695981</subfield>
         <subfield code="2">VIAF</subfield>
      </datafield>
      <datafield tag="024" ind1="7" ind2=" ">
         <subfield code="a">E-Mah</subfield>
         <subfield code="q">siglum</subfield>
         <subfield code="2">rism</subfield>
      </datafield>
      <datafield tag="034" ind1="1" ind2=" ">
         <subfield code="d">-3.6870409030649594</subfield>
         <subfield code="f">40.440700105963</subfield>
      </datafield>
      <datafield tag="040" ind1=" " ind2=" ">
         <subfield code="a">DE-633</subfield>
         <subfield code="c">DE-633</subfield>
         <subfield code="e">rismg</subfield>
      </datafield>
      <datafield tag="043" ind1=" " ind2=" ">
         <subfield code="c">XA-ES</subfield>
      </datafield>
      <datafield tag="110" ind1="1" ind2=" ">
         <subfield code="a">Archivo Histórico Nacional</subfield>
         <subfield code="c">Madrid</subfield>
         <subfield code="g">E-Mah</subfield>
      </datafield>
      <datafield tag="368" ind1=" " ind2=" ">
         <subfield code="a">Institution</subfield>
         <subfield code="a">Archive</subfield>
         <subfield code="a">Library</subfield>
      </datafield>
      <datafield tag="371" ind1=" " ind2=" ">
         <subfield code="a">Calle Serrano 115</subfield>
         <subfield code="b">Madrid</subfield>
         <subfield code="d">Spain</subfield>
         <subfield code="e">28006</subfield>
         <subfield code="m">ahn@cultura.gob.es</subfield>
         <subfield code="u">https://www.cultura.gob.es/cultura/areas/archivos/mc/archivos/ahn/portada.html</subfield>
         <subfield code="z">tel: +34 / 91 768 85 00</subfield>
      </datafield>
      <datafield tag="551" ind1="1" ind2=" ">
         <subfield code="a">Madrid</subfield>
         <subfield code="0">places/3900371</subfield>
      </datafield>
      <datafield tag="667" ind1=" " ind2=" ">
         <subfield code="a">Published sources: 1</subfield>
      </datafield>
      <datafield tag="680" ind1="1" ind2=" ">
         <subfield code="a">Contiene colecciones de las oficinas administrativas estatales, instituciones religiosas exclaustradas (monasterios y conventos), diversas instituciones civiles, y archivos de familias y nobleza. Los documentos musicales se conservan en la Sección Códices, siendo la mayor parte fragmentos litúrgicos de los siglos XI al XVII, incluyendo antifonarios, breviarios, misales, etc. Incluye una pequeña parte de la colección de la Catedral de Ávila y 20 fragmentos de música gregoriana sobre pauta.</subfield>
      </datafield>
   </record>