
   <record>
      <leader>00000nz  a2200000nc 4500</leader>
      <controlfield tag="001">institutions/51006533</controlfield>
      <controlfield tag="003">DE-633</controlfield>
      <controlfield tag="005">20250620052309.0</controlfield>
      <controlfield tag="008">220607||||z|||a|||||||||||||||||n||||||d</controlfield>
      <datafield tag="024" ind1="7" ind2=" ">
         <subfield code="a">137809443</subfield>
         <subfield code="2">VIAF</subfield>
      </datafield>
      <datafield tag="024" ind1="7" ind2=" ">
         <subfield code="a">E-Mahp</subfield>
         <subfield code="q">siglum</subfield>
         <subfield code="2">rism</subfield>
      </datafield>
      <datafield tag="034" ind1="1" ind2=" ">
         <subfield code="d">-3.6906219732123557</subfield>
         <subfield code="f">40.39974052198385</subfield>
      </datafield>
      <datafield tag="040" ind1=" " ind2=" ">
         <subfield code="a">DE-633</subfield>
         <subfield code="c">DE-633</subfield>
         <subfield code="e">rismg</subfield>
      </datafield>
      <datafield tag="043" ind1=" " ind2=" ">
         <subfield code="c">XA-ES</subfield>
      </datafield>
      <datafield tag="110" ind1="1" ind2=" ">
         <subfield code="a">Archivo Histórico de Protocolos de Madrid</subfield>
         <subfield code="c">Madrid</subfield>
         <subfield code="g">E-Mahp</subfield>
      </datafield>
      <datafield tag="371" ind1=" " ind2=" ">
         <subfield code="a">Calle de Ramírez de Prado 3</subfield>
         <subfield code="b">28045 Madrid</subfield>
         <subfield code="d">Spain</subfield>
         <subfield code="m">ahpm@madrid.org</subfield>
         <subfield code="u">http://www.madrid.org/archivos/index.php/quienes-somos/conocenos/archivo-historico-de-protocolos</subfield>
         <subfield code="z">tel: +34 / 91 420 05 34</subfield>
      </datafield>
      <datafield tag="551" ind1="1" ind2=" ">
         <subfield code="a">Madrid</subfield>
         <subfield code="0">places/3900371</subfield>
      </datafield>
   </record>