
   <record>
      <leader>00000nz  a2200000nc 4500</leader>
      <controlfield tag="001">institutions/51002083</controlfield>
      <controlfield tag="003">DE-633</controlfield>
      <controlfield tag="005">20250620052243.0</controlfield>
      <controlfield tag="008">181217||||z|||a|||||||||||||||||n||||||d</controlfield>
      <datafield tag="024" ind1="7" ind2=" ">
         <subfield code="a">E-Mahr</subfield>
         <subfield code="q">siglum</subfield>
         <subfield code="2">rism</subfield>
      </datafield>
      <datafield tag="034" ind1="1" ind2=" ">
         <subfield code="d">-3.703504</subfield>
         <subfield code="f">40.422692</subfield>
      </datafield>
      <datafield tag="040" ind1=" " ind2=" ">
         <subfield code="a">DE-633</subfield>
         <subfield code="c">DE-633</subfield>
         <subfield code="e">rismg</subfield>
      </datafield>
      <datafield tag="043" ind1=" " ind2=" ">
         <subfield code="c">XA-ES</subfield>
      </datafield>
      <datafield tag="110" ind1="1" ind2=" ">
         <subfield code="a">Archivo de la Hermandad del Refugio</subfield>
         <subfield code="c">Madrid</subfield>
         <subfield code="g">E-Mahr</subfield>
      </datafield>
      <datafield tag="368" ind1=" " ind2=" ">
         <subfield code="a">Institution</subfield>
         <subfield code="a">Library</subfield>
         <subfield code="a">Archive</subfield>
      </datafield>
      <datafield tag="371" ind1=" " ind2=" ">
         <subfield code="a">Calle Corredera Baja de San Pablo 16</subfield>
         <subfield code="b">Madrid</subfield>
         <subfield code="d">Spain</subfield>
         <subfield code="e">28004</subfield>
         <subfield code="m">hermandad@refugio.e.telefonica.net</subfield>
         <subfield code="z">tel: +34 / 91 / 5220070</subfield>
         <subfield code="z">fax: +34 / 91 / 5232799</subfield>
      </datafield>
      <datafield tag="410" ind1=" " ind2=" ">
         <subfield code="a">Archivo de la Santa, Pontificia y Real Hermandad del Refugio y Piedad</subfield>
      </datafield>
      <datafield tag="551" ind1="1" ind2=" ">
         <subfield code="a">Madrid</subfield>
         <subfield code="0">places/3900371</subfield>
      </datafield>
   </record>