
   <record>
      <leader>00000nz  a2200000nc 4500</leader>
      <controlfield tag="001">institutions/30001380</controlfield>
      <controlfield tag="003">DE-633</controlfield>
      <controlfield tag="005">20250620052004.0</controlfield>
      <controlfield tag="008">161109||||z|||a|||||||||||||||||n||||||d</controlfield>
      <datafield tag="024" ind1="7" ind2=" ">
         <subfield code="a">17159032656601181546</subfield>
         <subfield code="2">VIAF</subfield>
      </datafield>
      <datafield tag="024" ind1="7" ind2=" ">
         <subfield code="a">E-Mba</subfield>
         <subfield code="q">siglum</subfield>
         <subfield code="2">rism</subfield>
      </datafield>
      <datafield tag="034" ind1="1" ind2=" ">
         <subfield code="d">-3.7006548165587283</subfield>
         <subfield code="f">40.417733068657334</subfield>
      </datafield>
      <datafield tag="040" ind1=" " ind2=" ">
         <subfield code="a">DE-633</subfield>
         <subfield code="c">DE-633</subfield>
         <subfield code="e">rismg</subfield>
      </datafield>
      <datafield tag="043" ind1=" " ind2=" ">
         <subfield code="c">XA-ES</subfield>
      </datafield>
      <datafield tag="110" ind1="1" ind2=" ">
         <subfield code="a">Archivo y Biblioteca de la Real Academia de Bellas Artes de San Fernando</subfield>
         <subfield code="c">Madrid</subfield>
         <subfield code="g">E-Mba</subfield>
      </datafield>
      <datafield tag="368" ind1=" " ind2=" ">
         <subfield code="a">Institution</subfield>
         <subfield code="a">Archive</subfield>
         <subfield code="a">Library</subfield>
      </datafield>
      <datafield tag="371" ind1=" " ind2=" ">
         <subfield code="a">c/ Alcalá, 13</subfield>
         <subfield code="b">Madrid</subfield>
         <subfield code="d">Spain</subfield>
         <subfield code="e">28014</subfield>
         <subfield code="u">https://www.realacademiabellasartessanfernando.com/la-institucion/archivo-biblioteca/</subfield>
      </datafield>
      <datafield tag="410" ind1=" " ind2=" ">
         <subfield code="a">Archivo de Música, Real Academia de Bellas Artes de San Fernando</subfield>
      </datafield>
      <datafield tag="551" ind1="1" ind2=" ">
         <subfield code="a">Madrid</subfield>
         <subfield code="0">places/3900371</subfield>
      </datafield>
      <datafield tag="667" ind1=" " ind2=" ">
         <subfield code="a">Published sources: 3</subfield>
      </datafield>
      <datafield tag="680" ind1="1" ind2=" ">
         <subfield code="a">El fondo de música que se conserva en el Archivo-Biblioteca de la Real Academia de Bellas Artes de San Fernando, tanto manuscrito como impreso, está formado por partituras, partituras de estudio, libros de música, tratados, manuales, libretos y programas. Predominan los autores españoles, siendo la mayoría del siglo XIX y de muy principios del XX. Cuenta también con fondos musicales de los siglos XVII y XVIII. Custodia además: - Colección Luis de Pablo - Legado Leopoldo Querol - Legado Jimeno  - Legado José Subirá - Legado Pérez Casas - Archivo José Ildefonso Jimeno de Lerma - Archivo Emilio Serrano Además conserva una colección de instrumentos compuesta por: un armonio, batutas, una guitarra donada por Andrés Segovia, un órgano, un órgano realejo, un piano de mesa inglés del s. XVIII y un teclado mudo.</subfield>
      </datafield>
   </record>