
   <record>
      <leader>00000nz  a2200000nc 4500</leader>
      <controlfield tag="001">institutions/51003603</controlfield>
      <controlfield tag="003">DE-633</controlfield>
      <controlfield tag="005">20250620052251.0</controlfield>
      <controlfield tag="008">191212||||z|||a|||||||||||||||||n||||||d</controlfield>
      <datafield tag="024" ind1="7" ind2=" ">
         <subfield code="a">129982169</subfield>
         <subfield code="2">VIAF</subfield>
      </datafield>
      <datafield tag="024" ind1="7" ind2=" ">
         <subfield code="a">E-Mbhmv</subfield>
         <subfield code="q">siglum</subfield>
         <subfield code="2">rism</subfield>
      </datafield>
      <datafield tag="034" ind1="1" ind2=" ">
         <subfield code="d">-3.707937</subfield>
         <subfield code="f">40.425557</subfield>
      </datafield>
      <datafield tag="040" ind1=" " ind2=" ">
         <subfield code="a">DE-633</subfield>
         <subfield code="c">DE-633</subfield>
         <subfield code="e">rismg</subfield>
      </datafield>
      <datafield tag="043" ind1=" " ind2=" ">
         <subfield code="c">XA-ES</subfield>
      </datafield>
      <datafield tag="110" ind1="1" ind2=" ">
         <subfield code="a">Biblioteca Histórica Marqués de Valdecilla en la Universidad Complutense de Madrid</subfield>
         <subfield code="c">Madrid</subfield>
         <subfield code="g">E-Mbhmv</subfield>
      </datafield>
      <datafield tag="368" ind1=" " ind2=" ">
         <subfield code="a">Institution</subfield>
         <subfield code="a">Library</subfield>
      </datafield>
      <datafield tag="371" ind1=" " ind2=" ">
         <subfield code="a">Calle del Noviciado, 3</subfield>
         <subfield code="b">Madrid</subfield>
         <subfield code="d">Spain</subfield>
         <subfield code="e">28015</subfield>
         <subfield code="m">buc_foa@buc.ucm.es</subfield>
         <subfield code="u">https://biblioteca.ucm.es/historica</subfield>
         <subfield code="z">tel: +34 / 91 / 394 66 12</subfield>
         <subfield code="z">fax: +34 / 91 / 394 65 99</subfield>
      </datafield>
      <datafield tag="551" ind1="1" ind2=" ">
         <subfield code="a">Madrid</subfield>
         <subfield code="0">places/3900371</subfield>
      </datafield>
      <datafield tag="667" ind1=" " ind2=" ">
         <subfield code="a">Published sources: 1</subfield>
      </datafield>
      <datafield tag="680" ind1="1" ind2=" ">
         <subfield code="a">En sus fondos musicales destacan los llamados post-incunables de Cisneros: Psalterium; Intonarium Toletanum; Diurnum, todos de comienzos del siglo XVI y El cantor instruido, un tratado de canto manuscrito realizado por Manuel Cavaza en 1754. Custodia además:  - Fondo Vidal Llimona i Boceta - Colección de libros de música de Francisco Guerra</subfield>
      </datafield>
   </record>