
   <record>
      <leader>00000nz  a2200000nc 4500</leader>
      <controlfield tag="001">institutions/30001382</controlfield>
      <controlfield tag="003">DE-633</controlfield>
      <controlfield tag="005">20250620052004.0</controlfield>
      <controlfield tag="008">161109||||z|||a|||||||||||||||||n||||||d</controlfield>
      <datafield tag="024" ind1="7" ind2=" ">
         <subfield code="a">E-Mc</subfield>
         <subfield code="q">siglum</subfield>
         <subfield code="2">rism</subfield>
      </datafield>
      <datafield tag="040" ind1=" " ind2=" ">
         <subfield code="a">DE-633</subfield>
         <subfield code="c">DE-633</subfield>
         <subfield code="e">rismg</subfield>
      </datafield>
      <datafield tag="043" ind1=" " ind2=" ">
         <subfield code="c">XA-ES</subfield>
      </datafield>
      <datafield tag="110" ind1="2" ind2=" ">
         <subfield code="a">Biblioteca del Real Conservatorio Superior de Música de Madrid</subfield>
         <subfield code="c">Madrid</subfield>
         <subfield code="g">E-Mc</subfield>
      </datafield>
      <datafield tag="368" ind1=" " ind2=" ">
         <subfield code="a">Library</subfield>
      </datafield>
      <datafield tag="368" ind1=" " ind2=" ">
         <subfield code="a">Institution</subfield>
      </datafield>
      <datafield tag="371" ind1=" " ind2=" ">
         <subfield code="a">Biblioteca del Real Conservatorio,  Superior de Música de Madrid, c/ Santa Isabel, 53 2ª, 28012 Madrid, Spain</subfield>
         <subfield code="u">http://www.rcsmm.eu/biblioteca/?m=8</subfield>
      </datafield>
      <datafield tag="551" ind1=" " ind2=" ">
         <subfield code="a">Madrid</subfield>
         <subfield code="0">places/3900371</subfield>
      </datafield>
      <datafield tag="667" ind1=" " ind2=" ">
         <subfield code="a">Published sources: 119</subfield>
      </datafield>
      <datafield tag="680" ind1=" " ind2=" ">
         <subfield code="a">Cuenta con un fondo estimado actualmente en más de 135.000 volúmenes, de los cuales no menos de 10.000 son partituras manuscritas de los siglos XVIII y XIX. Se han reunido numerosas aportaciones de personas y entidades particulares (orquestas, sociedades filarmónicas, etc.) junto a colecciones procedentes de iniciativas oficiales: fondos del Registro de la Propiedad Intelectual, Depósito Legal, documentación procedente de instituciones eclesiásticas desamortizadas, colecciones donadas por miembros de la Familia Real, etc. Lista de fondos y colecciones: - Colección de Polifonía del Monasterio de Uclés (s. XVI) - Archivo del Rey Amadeo de Saboya - Archivo de la Sociedad de Conciertos - Archivo de la Sociedad de Cuartetos - Archivo del Liceo Artístico - Archivo de la Agrupación Nacional de Música de Cámara - Archivo de la Asociación de Compositores Sinfónicos Españoles - Colección Robert Stevenson - Donación Herminia Berenguer - Donación Mª Luisa García Sancho - Donación Padres Paúles y José Mª Alcocer - Donación Carmen Santiago de Merás - Biblioteca de José de Roda y Cecilio de Roda - Enrique Casal Chapí - Infante José Eugenio de Baviera - Infanta Isabel Francisca de Borbón - Carlota Dahmen - Aniceto de Palma - José Tragó - Rogelio Villar - Miguel Santonja - Isabel Penagos - Gerardo Gombau - Santiago Masarnau - Conrado del Campo - Manuel Guillén - Facundo de la Viña - José Mª Moreno Jiménez de Borja - Jesús de Monasterio - Rafael Mitjana - Pascual Taltabull</subfield>
      </datafield>
   </record>