
   <record>
      <leader>00000nz  a2200000nc 4500</leader>
      <controlfield tag="001">institutions/30080177</controlfield>
      <controlfield tag="003">DE-633</controlfield>
      <controlfield tag="005">20250620052129.0</controlfield>
      <controlfield tag="008">161109||||z|||a|||||||||||||||||n||||||d</controlfield>
      <datafield tag="024" ind1="7" ind2=" ">
         <subfield code="a">E-Mccm</subfield>
         <subfield code="q">siglum</subfield>
         <subfield code="2">rism</subfield>
      </datafield>
      <datafield tag="040" ind1=" " ind2=" ">
         <subfield code="a">DE-633</subfield>
         <subfield code="c">DE-633</subfield>
         <subfield code="e">rismg</subfield>
      </datafield>
      <datafield tag="043" ind1=" " ind2=" ">
         <subfield code="c">XA-ES</subfield>
      </datafield>
      <datafield tag="110" ind1="2" ind2=" ">
         <subfield code="a">Colección Museográfica del Real Conservatorio Superior de Música de Madrid</subfield>
         <subfield code="c">Madrid</subfield>
         <subfield code="g">E-Mccm</subfield>
      </datafield>
      <datafield tag="368" ind1=" " ind2=" ">
         <subfield code="a">Library</subfield>
      </datafield>
      <datafield tag="368" ind1=" " ind2=" ">
         <subfield code="a">Institution</subfield>
      </datafield>
      <datafield tag="371" ind1=" " ind2=" ">
         <subfield code="a">Colección Museográfica del Real,  Conservatorio Superior de Música de,  Madrid, c/ Santa Isabel, 53, 28012 Madrid, Spain</subfield>
         <subfield code="u">http://www.rcsmm.eu/museo/?m=9</subfield>
      </datafield>
      <datafield tag="551" ind1=" " ind2=" ">
         <subfield code="a">Madrid</subfield>
         <subfield code="0">places/3900371</subfield>
      </datafield>
      <datafield tag="680" ind1=" " ind2=" ">
         <subfield code="a">Includes antique instruments, some sheet music and scores, and other objects, some purchased for use in classrooms and other donated by former teachers, musicians or individuals. Among the outstanding pieces it is included an oboe of Carlo Palanca, a fragment of an Adolf Sax clarinet, Boehm flute, flute glass C. Laurent, 1814, the set of romantic guitars, Chinese instruments collection donated in 1891 included by Wals and Merino, and the "Boissier", a violin by the builder From Cremona 1713 Antonio Stradivarius, donated to the center in 1909 by the great violinist Pablo Sarasate.</subfield>
      </datafield>
   </record>