
   <record>
      <leader>00000nz  a2200000nc 4500</leader>
      <controlfield tag="001">institutions/30005663</controlfield>
      <controlfield tag="003">DE-633</controlfield>
      <controlfield tag="005">20250620052041.0</controlfield>
      <controlfield tag="008">161109||||z|||a|||||||||||||||||n||||||d</controlfield>
      <datafield tag="024" ind1="7" ind2=" ">
         <subfield code="a">E-Md</subfield>
         <subfield code="q">siglum</subfield>
         <subfield code="2">rism</subfield>
      </datafield>
      <datafield tag="040" ind1=" " ind2=" ">
         <subfield code="a">DE-633</subfield>
         <subfield code="c">DE-633</subfield>
         <subfield code="e">rismg</subfield>
      </datafield>
      <datafield tag="043" ind1=" " ind2=" ">
         <subfield code="c">XA-ES</subfield>
      </datafield>
      <datafield tag="110" ind1="2" ind2=" ">
         <subfield code="a">Centro de Documentación de Música y Danza</subfield>
         <subfield code="c">Madrid</subfield>
         <subfield code="g">E-Md</subfield>
      </datafield>
      <datafield tag="368" ind1=" " ind2=" ">
         <subfield code="a">Library</subfield>
      </datafield>
      <datafield tag="368" ind1=" " ind2=" ">
         <subfield code="a">Institution</subfield>
      </datafield>
      <datafield tag="371" ind1=" " ind2=" ">
         <subfield code="a">Centro de Documentación de Música y,  Danza, c/ Torregalindo, 10, 28016 Madrid, Spain</subfield>
         <subfield code="u">http://musicadanza.es/</subfield>
      </datafield>
      <datafield tag="410" ind1="2" ind2=" ">
         <subfield code="a">Centro de Documentación Musical del Ministerio de Cultura</subfield>
      </datafield>
      <datafield tag="551" ind1=" " ind2=" ">
         <subfield code="a">Madrid</subfield>
         <subfield code="0">places/3900371</subfield>
      </datafield>
      <datafield tag="680" ind1=" " ind2=" ">
         <subfield code="a">Además de realizar las tareas propias de un centro de documentación, cuenta en su biblioteca con más de 3.600 registros sonoros, 216 videograbaciones, cerca de 5.000 monografías de música, 600 de danza, unas 10.000 partituras, 618 títulos de publicaciones periódicas, carteles, programas de mano, etc. Custodia también los siguientes fondos: - Legado Antonio Ruiz Soler - Archivo personal de Luis Alonso - Archivo Luis Fraca Royo - Fondo María de Pablos - Archivo fotográfico del Teatro Real de Juan Gyenes (1966-1988) - Archivo de Iconografía musical del Seminario de Estudios de Música Antigua (SEMA) - Fondo documental del Centro para la Difusión de la Música Contemporánea (CDMC).  con 1465 documentos (partituras, grabaciones sonoras, etc.) - Legado José Manuel Garrido.</subfield>
      </datafield>
   </record>