
   <record>
      <leader>00000nz  a2200000nc 4500</leader>
      <controlfield tag="001">institutions/30005838</controlfield>
      <controlfield tag="003">DE-633</controlfield>
      <controlfield tag="005">20250620052042.0</controlfield>
      <controlfield tag="008">161109||||z|||a|||||||||||||||||n||||||d</controlfield>
      <datafield tag="024" ind1="7" ind2=" ">
         <subfield code="a">E-Mdr</subfield>
         <subfield code="q">siglum</subfield>
         <subfield code="2">rism</subfield>
      </datafield>
      <datafield tag="040" ind1=" " ind2=" ">
         <subfield code="a">DE-633</subfield>
         <subfield code="c">DE-633</subfield>
         <subfield code="e">rismg</subfield>
      </datafield>
      <datafield tag="043" ind1=" " ind2=" ">
         <subfield code="c">XA-ES</subfield>
      </datafield>
      <datafield tag="110" ind1="2" ind2=" ">
         <subfield code="a">Monasterio de las Descalzas Reales</subfield>
         <subfield code="c">Madrid</subfield>
         <subfield code="g">E-Mdr</subfield>
      </datafield>
      <datafield tag="368" ind1=" " ind2=" ">
         <subfield code="a">Library</subfield>
      </datafield>
      <datafield tag="368" ind1=" " ind2=" ">
         <subfield code="a">Institution</subfield>
      </datafield>
      <datafield tag="371" ind1=" " ind2=" ">
         <subfield code="a">Monasterio de las Descalzas Reales, Pl. de las Descalzas Reales, s/n, 28013 Madrid, Spain</subfield>
         <subfield code="u">http://www.realbiblioteca.es/</subfield>
      </datafield>
      <datafield tag="410" ind1="2" ind2=" ">
         <subfield code="a">Convento de las Descalzas Reales</subfield>
      </datafield>
      <datafield tag="551" ind1=" " ind2=" ">
         <subfield code="a">Madrid</subfield>
         <subfield code="0">places/3900371</subfield>
      </datafield>
      <datafield tag="667" ind1=" " ind2=" ">
         <subfield code="a">Published sources: 1</subfield>
      </datafield>
      <datafield tag="680" ind1=" " ind2=" ">
         <subfield code="a">Entre otros fondos conserva música de organistas y maestros de capilla como Tomás Luis de Victoria, Juan Bonet de Paredes, Miguel Ambiela, José de San Juan o Hilarión Eslava. Conserva los siguientes instrumentos musicales: un armonio, campanas, un órgano, dos pianos de mesa del s. XIX y un piano vertical español del s. XIX.</subfield>
      </datafield>
   </record>