
   <record>
      <leader>00000nz  a2200000nc 4500</leader>
      <controlfield tag="001">institutions/30079629</controlfield>
      <controlfield tag="003">DE-633</controlfield>
      <controlfield tag="005">20250620052125.0</controlfield>
      <controlfield tag="008">161109||||z|||a|||||||||||||||||n||||||d</controlfield>
      <datafield tag="024" ind1="7" ind2=" ">
         <subfield code="a">E-Micm</subfield>
         <subfield code="q">siglum</subfield>
         <subfield code="2">rism</subfield>
      </datafield>
      <datafield tag="040" ind1=" " ind2=" ">
         <subfield code="a">DE-633</subfield>
         <subfield code="c">DE-633</subfield>
         <subfield code="e">rismg</subfield>
      </datafield>
      <datafield tag="043" ind1=" " ind2=" ">
         <subfield code="c">XA-ES</subfield>
      </datafield>
      <datafield tag="110" ind1="2" ind2=" ">
         <subfield code="a">Instituto Complutense de Ciencias Musicales (ICCMU)</subfield>
         <subfield code="c">Madrid</subfield>
         <subfield code="g">E-Micm</subfield>
      </datafield>
      <datafield tag="368" ind1=" " ind2=" ">
         <subfield code="a">Institution</subfield>
      </datafield>
      <datafield tag="368" ind1=" " ind2=" ">
         <subfield code="a">Library</subfield>
      </datafield>
      <datafield tag="371" ind1=" " ind2=" ">
         <subfield code="a">Instituto Complutense de Ciencias,  Musicales (ICCMU), Sociedad General de Autores, c/ Fernando VI, 4, 28004 Madrid, Spain</subfield>
         <subfield code="u">http://www.iccmu.es/fondos-documentales/</subfield>
      </datafield>
      <datafield tag="551" ind1=" " ind2=" ">
         <subfield code="a">Madrid</subfield>
         <subfield code="0">places/3900371</subfield>
      </datafield>
      <datafield tag="680" ind1=" " ind2=" ">
         <subfield code="a">It has been responsible for the management of music, documentaries and lyrical bibliographic archives of the Sociedad General de Autores y Editores (General Society of Authors and Publishers -the main society for artists for Spain and Latinamerica-), which has cataloged through various research projects in collaboration with the Universidad Complutense de Madrid (Complutense University of Madrid). The ICCMU has received several document collections for safekeeping, cataloging and advertising, which are in different locations, available for consultation to any interested person or institution.   Collections transferred or donated for management:  - Archivo de la Unión Musical Española (Unión Musical Española -music editions- archive) - Archivo Vidal Llimona y Boceta (Vidal Llimona-Boceta editor, archives) - Archivo Jacinto Guerrero (Jacinto Guerrero archive) - Archivo Francisco Alonso (Francisco Alonso archive)</subfield>
      </datafield>
   </record>