
   <record>
      <leader>00000nz  a2200000nc 4500</leader>
      <controlfield tag="001">institutions/30006216</controlfield>
      <controlfield tag="003">DE-633</controlfield>
      <controlfield tag="005">20250620052045.0</controlfield>
      <controlfield tag="008">161109||||z|||a|||||||||||||||||n||||||d</controlfield>
      <datafield tag="024" ind1="7" ind2=" ">
         <subfield code="a">E-Mjm</subfield>
         <subfield code="q">siglum</subfield>
         <subfield code="2">rism</subfield>
      </datafield>
      <datafield tag="040" ind1=" " ind2=" ">
         <subfield code="a">DE-633</subfield>
         <subfield code="c">DE-633</subfield>
         <subfield code="e">rismg</subfield>
      </datafield>
      <datafield tag="043" ind1=" " ind2=" ">
         <subfield code="c">XA-ES</subfield>
      </datafield>
      <datafield tag="110" ind1="2" ind2=" ">
         <subfield code="a">Biblioteca Española de Música y Teatro Contemporáneos. Fundación Juan March</subfield>
         <subfield code="c">Madrid</subfield>
         <subfield code="g">E-Mjm</subfield>
      </datafield>
      <datafield tag="368" ind1=" " ind2=" ">
         <subfield code="a">Library</subfield>
      </datafield>
      <datafield tag="368" ind1=" " ind2=" ">
         <subfield code="a">Institution</subfield>
      </datafield>
      <datafield tag="371" ind1=" " ind2=" ">
         <subfield code="a">Biblioteca Española de Música y Teatro,  Contemporáneos. Fundación Juan March, c/ Castelló, 77, 28006 Madrid, Spain</subfield>
         <subfield code="u">http://www.march.es/bibliotecas/</subfield>
      </datafield>
      <datafield tag="551" ind1=" " ind2=" ">
         <subfield code="a">Madrid</subfield>
         <subfield code="0">places/3900371</subfield>
      </datafield>
      <datafield tag="680" ind1=" " ind2=" ">
         <subfield code="a">El fondo de Música sobresale por conservar una gran cantidad de partituras manuscritas, muchas inéditas, grabaciones sonoras, documentación biográfica y profesional de los compositores, programas de mano de estrenos y correspondencia Legados: - Salvador Bacarisse Chinoria - Joaquín Villatoro Medina - Juan José Mantecón Molins - Ángel Martín Pompey - Julio Gómez García - Pedro Blanco - Archivo Gonzalo de Olavide - Archivo de Carlos Fernández Shaw - Archivo de Guillermo Fernández-Shaw Iturralde - Archivo de Rafael Fernández-Shaw Iturralde - Colección Antonia Mercé “La Argentina” - Agustín Bertomeu Salazar - Elena Romero Barbosa - Antonio Fernández-Cid - Archivo Joaquín Turina Pérez. Contiene tanto el archivo musical como el personal del compositor</subfield>
      </datafield>
   </record>