
   <record>
      <leader>00000nz  a2200000nc 4500</leader>
      <controlfield tag="001">institutions/30079620</controlfield>
      <controlfield tag="003">DE-633</controlfield>
      <controlfield tag="005">20250620052125.0</controlfield>
      <controlfield tag="008">161109||||z|||a|||||||||||||||||n||||||d</controlfield>
      <datafield tag="024" ind1="7" ind2=" ">
         <subfield code="a">E-Mjr</subfield>
         <subfield code="q">siglum</subfield>
         <subfield code="2">rism</subfield>
      </datafield>
      <datafield tag="040" ind1=" " ind2=" ">
         <subfield code="a">DE-633</subfield>
         <subfield code="c">DE-633</subfield>
         <subfield code="e">rismg</subfield>
      </datafield>
      <datafield tag="043" ind1=" " ind2=" ">
         <subfield code="c">XA-ES</subfield>
      </datafield>
      <datafield tag="110" ind1="2" ind2=" ">
         <subfield code="a">Archivo de la Fundación Victoria y Joquín Rodrigo</subfield>
         <subfield code="c">Madrid</subfield>
         <subfield code="g">E-Mjr</subfield>
      </datafield>
      <datafield tag="368" ind1=" " ind2=" ">
         <subfield code="a">Institution</subfield>
      </datafield>
      <datafield tag="368" ind1=" " ind2=" ">
         <subfield code="a">Library</subfield>
      </datafield>
      <datafield tag="371" ind1=" " ind2=" ">
         <subfield code="a">Archivo de la Fundación Victoria y,  Joquín Rodrigo, c/ General Yagüe, 11  4º J, 28020 Madrid, Spain</subfield>
         <subfield code="u">http://www.joaquin-rodrigo.com/index.php/es/archivo-menu-principal</subfield>
      </datafield>
      <datafield tag="551" ind1=" " ind2=" ">
         <subfield code="a">Madrid</subfield>
         <subfield code="0">places/3900371</subfield>
      </datafield>
      <datafield tag="680" ind1=" " ind2=" ">
         <subfield code="a">Joaquín Rodrigo (1901-1999) It is an archive compiling editorial, graphic, audiovisual and musical materials and correspondence, the press and the writings of Joaquin Rodrigo assembled by the composer and his wife over nearly a hundred years. It also hosts the Casa Museo (House Museum) and maintains the following documents: Writings of Joaquin Rodrigo, editorial material, artwork, correspondence, press, audiovisual archive, and music archive.</subfield>
      </datafield>
   </record>