
   <record>
      <leader>00000nz  a2200000nc 4500</leader>
      <controlfield tag="001">institutions/51006001</controlfield>
      <controlfield tag="003">DE-633</controlfield>
      <controlfield tag="005">20250620052305.0</controlfield>
      <controlfield tag="008">220104||||z|||a|||||||||||||||||n||||||d</controlfield>
      <datafield tag="024" ind1="7" ind2=" ">
         <subfield code="a">266634249</subfield>
         <subfield code="2">VIAF</subfield>
      </datafield>
      <datafield tag="024" ind1="7" ind2=" ">
         <subfield code="a">Q2568412</subfield>
         <subfield code="2">WKP</subfield>
      </datafield>
      <datafield tag="024" ind1="7" ind2=" ">
         <subfield code="a">E-Mma</subfield>
         <subfield code="q">siglum</subfield>
         <subfield code="2">rism</subfield>
      </datafield>
      <datafield tag="034" ind1="1" ind2=" ">
         <subfield code="d">-3.721966302342689</subfield>
         <subfield code="f">40.43831275504101</subfield>
      </datafield>
      <datafield tag="040" ind1=" " ind2=" ">
         <subfield code="a">DE-633</subfield>
         <subfield code="c">DE-633</subfield>
         <subfield code="e">rismg</subfield>
      </datafield>
      <datafield tag="043" ind1=" " ind2=" ">
         <subfield code="c">XA-ES</subfield>
      </datafield>
      <datafield tag="110" ind1="1" ind2=" ">
         <subfield code="a">Museo de América</subfield>
         <subfield code="c">Madrid</subfield>
         <subfield code="g">E-Mma</subfield>
      </datafield>
      <datafield tag="368" ind1=" " ind2=" ">
         <subfield code="a">Institution</subfield>
         <subfield code="a">Library</subfield>
         <subfield code="a">Museum</subfield>
      </datafield>
      <datafield tag="371" ind1=" " ind2=" ">
         <subfield code="a">Avenida Reyes Católicos, 6</subfield>
         <subfield code="b">Madrid</subfield>
         <subfield code="d">Spain</subfield>
         <subfield code="e">28040</subfield>
         <subfield code="m">museo.america@cultura.gob.es</subfield>
         <subfield code="u">https://www.culturaydeporte.gob.es/museodeamerica/portada.html</subfield>
         <subfield code="z">tel: +34 / 91 549 26 41</subfield>
      </datafield>
      <datafield tag="551" ind1="1" ind2=" ">
         <subfield code="a">Madrid</subfield>
         <subfield code="0">places/3900371</subfield>
      </datafield>
   </record>