
   <record>
      <leader>00000nz  a2200000nc 4500</leader>
      <controlfield tag="001">institutions/51001817</controlfield>
      <controlfield tag="003">DE-633</controlfield>
      <controlfield tag="005">20250620052241.0</controlfield>
      <controlfield tag="008">180903||||z|||a|||||||||||||||||n||||||d</controlfield>
      <datafield tag="024" ind1="7" ind2=" ">
         <subfield code="a">123396765</subfield>
         <subfield code="2">VIAF</subfield>
      </datafield>
      <datafield tag="024" ind1="7" ind2=" ">
         <subfield code="a">E-Mmnb</subfield>
         <subfield code="q">siglum</subfield>
         <subfield code="2">rism</subfield>
      </datafield>
      <datafield tag="034" ind1="1" ind2=" ">
         <subfield code="d">-3.692645</subfield>
         <subfield code="f">40.417554</subfield>
      </datafield>
      <datafield tag="040" ind1=" " ind2=" ">
         <subfield code="a">DE-633</subfield>
         <subfield code="c">DE-633</subfield>
         <subfield code="e">rismg</subfield>
      </datafield>
      <datafield tag="043" ind1=" " ind2=" ">
         <subfield code="c">XA-ES</subfield>
      </datafield>
      <datafield tag="110" ind1="1" ind2=" ">
         <subfield code="a">Museo Naval, Biblioteca</subfield>
         <subfield code="c">Madrid</subfield>
         <subfield code="g">E-Mmnb</subfield>
      </datafield>
      <datafield tag="368" ind1=" " ind2=" ">
         <subfield code="a">Institution</subfield>
         <subfield code="a">Library</subfield>
      </datafield>
      <datafield tag="371" ind1=" " ind2=" ">
         <subfield code="a">Paseo del Prado, 5</subfield>
         <subfield code="b">Madrid</subfield>
         <subfield code="d">Spain</subfield>
         <subfield code="e">28014</subfield>
         <subfield code="m">ohculturanaval@fn.mde.es</subfield>
         <subfield code="u">http://www.fundacionmuseonaval.com/index.html</subfield>
         <subfield code="z">tel: +34 / 91 523 85 16</subfield>
         <subfield code="z">fax: +34 / 91 379 50 56</subfield>
      </datafield>
      <datafield tag="551" ind1="1" ind2=" ">
         <subfield code="a">Madrid</subfield>
         <subfield code="0">places/3900371</subfield>
      </datafield>
   </record>