
   <record>
      <leader>00000nz  a2200000nc 4500</leader>
      <controlfield tag="001">institutions/30001386</controlfield>
      <controlfield tag="003">DE-633</controlfield>
      <controlfield tag="005">20250620052004.0</controlfield>
      <controlfield tag="008">161109||||z|||a|||||||||||||||||n||||||d</controlfield>
      <datafield tag="024" ind1="7" ind2=" ">
         <subfield code="a">28159032658601181609</subfield>
         <subfield code="2">VIAF</subfield>
      </datafield>
      <datafield tag="024" ind1="7" ind2=" ">
         <subfield code="a">1027025-5</subfield>
         <subfield code="2">DNB</subfield>
      </datafield>
      <datafield tag="024" ind1="7" ind2=" ">
         <subfield code="a">Q750403</subfield>
         <subfield code="2">WKP</subfield>
      </datafield>
      <datafield tag="024" ind1="7" ind2=" ">
         <subfield code="a">E-Mn</subfield>
         <subfield code="q">siglum</subfield>
         <subfield code="2">rism</subfield>
      </datafield>
      <datafield tag="034" ind1="1" ind2=" ">
         <subfield code="d">-3.690260962044045</subfield>
         <subfield code="f">40.42378938982644</subfield>
      </datafield>
      <datafield tag="040" ind1=" " ind2=" ">
         <subfield code="a">DE-633</subfield>
         <subfield code="c">DE-633</subfield>
         <subfield code="e">rismg</subfield>
      </datafield>
      <datafield tag="043" ind1=" " ind2=" ">
         <subfield code="c">XA-ES</subfield>
      </datafield>
      <datafield tag="110" ind1="1" ind2=" ">
         <subfield code="a">Biblioteca Nacional de España</subfield>
         <subfield code="c">Madrid</subfield>
         <subfield code="g">E-Mn</subfield>
      </datafield>
      <datafield tag="368" ind1=" " ind2=" ">
         <subfield code="a">Institution</subfield>
         <subfield code="a">Library</subfield>
      </datafield>
      <datafield tag="371" ind1=" " ind2=" ">
         <subfield code="a">Paseo de Recoletos, 20-22</subfield>
         <subfield code="b">Madrid</subfield>
         <subfield code="d">Spain</subfield>
         <subfield code="e">28071</subfield>
         <subfield code="m">info.musica@bne.es</subfield>
         <subfield code="u">https://www.bne.es/es/colecciones/partituras-musicologia</subfield>
      </datafield>
      <datafield tag="410" ind1=" " ind2=" ">
         <subfield code="a">Biblioteca Nacional de España. Departamento de Música y Audiovisuales</subfield>
      </datafield>
      <datafield tag="551" ind1="1" ind2=" ">
         <subfield code="a">Madrid</subfield>
         <subfield code="0">places/3900371</subfield>
      </datafield>
      <datafield tag="667" ind1=" " ind2=" ">
         <subfield code="a">Published sources: 3280</subfield>
      </datafield>
      <datafield tag="680" ind1="1" ind2=" ">
         <subfield code="a">Contiene música manuscrita y autógrafos desde el siglo IX, incluyendo canto mozárabe. Destaca la colección de cantorales; un centenar de libros litúrgicos procedentes de las desamortizaciones decimonónicas, que abarca los siglos XVI al XIX. Esta colección está digitalizada en la Biblioteca Digital Hispánica y descrita en el catálogo en línea. Custodia la mayor parte de los códices medievales con música, como el Códice de Azagra (siglo IX-X), el Libro de conductus y motetes o el Códice de Toledo de las Cantigas de Santa María de Alfonso X El Sabio; también la colección de incunables musicales, los libros litúrgicos encargados por el Cardenal Cisneros al impresor Guillén de Brocar a principios del XVI, algunos importantes tratados teóricos españoles (Juan Bermudo, Francisco Salinas, Tomás de Santa María, etc.) y la colección completa de ediciones españolas de música instrumental de los siglos XVI-XVII (casi todos los libros conocidos de vihuela y guitarra, los libros de órgano de Venegas de Henestrosa, Cabezón, Correa de Araujo, etc.). Miles de impresos y manuscritos de los ss. XVII y XVIII, con la mejor colección conocida de tonos humanos (obras de Juan Hidalgo, Cristóbal Galán, Carlos Patiño, Juan del Vado, etc.), tratados musicales como los de Gaspar Sanz, Pablo Minguet o José Herrando, abundante música de cámara del siglo XVIII, etc. También conserva una extensa colección de óperas y zarzuelas españolas (autógrafos de Barbieri, Bretón, Chapí, Gaztambide, Arrieta, Oudrid, etc.), música de salón del siglo XIX, casi toda la producción española moderna de partituras, además de una colección de ediciones críticas y facsímiles de música histórica. La colección de registros sonoros comprende desde los primeros soportes, como discos de Aristón, cilindros de cera, rollos de pianola, discos de pizarra, perforados, vinilos…, hasta los más modernos. Actualmente la colección ha superado los 600.000 documentos. La colección de cilindros de cera está integrada por 204 unidades: 57 cilindros de zarzuela, 44 de ópera, 20 de flamenco, 22 de música popular, 33 de música instrumental, 10 de música regional y por 20 cilindros de tamaño mayor de temas diversos. Lista de fondos y colecciones: - Infante Francisco de Paula Antonio de Borbón - Reina María Cristina de Borbón - Francisco González de la Riva - Juan María Guelbenzu - Francisco A. Barbieri - Federico Chueca - Tomás Bretón - Ruperto Chapí - José Mardones - Manuel Manrique de Lara - Teodoro San José - José Subirá - Julián Bautista - Federico Senén - Rafael Rodríguez Albert - Gerardo Gombau - Enrique Casal Chapí - Manuel Parada - Fernando Moraleda - Coros y Danzas de la Sección Femenina - Archivo José Luis de Delás</subfield>
      </datafield>
   </record>