
   <record>
      <leader>00000nz  a2200000nc 4500</leader>
      <controlfield tag="001">institutions/30001387</controlfield>
      <controlfield tag="003">DE-633</controlfield>
      <controlfield tag="005">20250620052004.0</controlfield>
      <controlfield tag="008">161109||||z|||a|||||||||||||||||n||||||d</controlfield>
      <datafield tag="024" ind1="7" ind2=" ">
         <subfield code="a">E-Mp</subfield>
         <subfield code="q">siglum</subfield>
         <subfield code="2">rism</subfield>
      </datafield>
      <datafield tag="040" ind1=" " ind2=" ">
         <subfield code="a">DE-633</subfield>
         <subfield code="c">DE-633</subfield>
         <subfield code="e">rismg</subfield>
      </datafield>
      <datafield tag="043" ind1=" " ind2=" ">
         <subfield code="c">XA-ES</subfield>
      </datafield>
      <datafield tag="110" ind1="2" ind2=" ">
         <subfield code="a">Palacio Real, Biblioteca</subfield>
         <subfield code="c">Madrid</subfield>
         <subfield code="g">E-Mp</subfield>
      </datafield>
      <datafield tag="368" ind1=" " ind2=" ">
         <subfield code="a">Library</subfield>
      </datafield>
      <datafield tag="368" ind1=" " ind2=" ">
         <subfield code="a">Institution</subfield>
      </datafield>
      <datafield tag="371" ind1=" " ind2=" ">
         <subfield code="a">Palacio Real, Biblioteca, Calle Bailén, 28071 Madrid, Spain</subfield>
         <subfield code="u">http://www.realbiblioteca.es/</subfield>
      </datafield>
      <datafield tag="551" ind1=" " ind2=" ">
         <subfield code="a">Madrid</subfield>
         <subfield code="0">places/3900371</subfield>
      </datafield>
      <datafield tag="667" ind1=" " ind2=" ">
         <subfield code="a">Published sources: 11</subfield>
      </datafield>
      <datafield tag="680" ind1=" " ind2=" ">
         <subfield code="a">Tiene su origen en la biblioteca privada de los monarcas de la Casa de Borbón. Incluye en sus fondos libros manuscritos, impresos, mapas, partituras, dibujos, grabados y encuadernaciones artísticas, monedas y medallas, etc. Custodia óperas manuscritas del siglo XVIII, una notable colección de tonadillas escénicas, un centenar de libros de coro de la Real Capilla, etc. Destacan el Cancionero de Palacio, el Manuscrito de Fiestas reales escrito por Carlo Broschi, Farinelli, así como un impreso de 1592 de De Musica Libri Septem de Francisco Salinas. En 2002, la Biblioteca inicia junto a la Fundación Caja Madrid, el proyecto Música inédita, para la catalogación automatizada del fondo musical manuscrito de Patrimonio Nacional.</subfield>
      </datafield>
   </record>