
   <record>
      <leader>00000nz  a2200000nc 4500</leader>
      <controlfield tag="001">institutions/30079630</controlfield>
      <controlfield tag="003">DE-633</controlfield>
      <controlfield tag="005">20250620052125.0</controlfield>
      <controlfield tag="008">161109||||z|||a|||||||||||||||||n||||||d</controlfield>
      <datafield tag="024" ind1="7" ind2=" ">
         <subfield code="a">E-Mre</subfield>
         <subfield code="q">siglum</subfield>
         <subfield code="2">rism</subfield>
      </datafield>
      <datafield tag="040" ind1=" " ind2=" ">
         <subfield code="a">DE-633</subfield>
         <subfield code="c">DE-633</subfield>
         <subfield code="e">rismg</subfield>
      </datafield>
      <datafield tag="043" ind1=" " ind2=" ">
         <subfield code="c">XA-ES</subfield>
      </datafield>
      <datafield tag="110" ind1="2" ind2=" ">
         <subfield code="a">Residencia de Estudiantes. Centro de Documentación</subfield>
         <subfield code="c">Madrid</subfield>
         <subfield code="g">E-Mre</subfield>
      </datafield>
      <datafield tag="368" ind1=" " ind2=" ">
         <subfield code="a">Institution</subfield>
      </datafield>
      <datafield tag="368" ind1=" " ind2=" ">
         <subfield code="a">Library</subfield>
      </datafield>
      <datafield tag="371" ind1=" " ind2=" ">
         <subfield code="a">Residencia de Estudiantes. Centro de,  Documentación, Residencia de Estudiantes, c/ Pinar, 21-23, 28006 Madrid, Spain</subfield>
         <subfield code="u">http://www.residencia.csic.es/doc/frame_doc1.htm</subfield>
      </datafield>
      <datafield tag="551" ind1=" " ind2=" ">
         <subfield code="a">Madrid</subfield>
         <subfield code="0">places/3900371</subfield>
      </datafield>
      <datafield tag="680" ind1=" " ind2=" ">
         <subfield code="a">Preserves archives and collections consist manuscripts, photographs, correspondence, scores, sound recordings even radio programs.  Collections: - Gustavo Durán (1906-1969) - Jesús Bal y Gay (1905-1993) - Rosita García Ascot (1908-2002) - Adolfo Salazar (1890-1958) - Gustavo Pittaluga (1906-1975) - Fernando Remacha (1898-1984) - Ernesto (1905-1989) y Rodolfo Halffter (1900-1987) - Kurt Schindler (1882-1935), made up of photographs made by him, centered on issues of traditional Spanish music.</subfield>
      </datafield>
   </record>