
   <record>
      <leader>00000nz  a2200000nc 4500</leader>
      <controlfield tag="001">institutions/30079622</controlfield>
      <controlfield tag="003">DE-633</controlfield>
      <controlfield tag="005">20250620052125.0</controlfield>
      <controlfield tag="008">161109||||z|||a|||||||||||||||||n||||||d</controlfield>
      <datafield tag="024" ind1="7" ind2=" ">
         <subfield code="a">E-Ms</subfield>
         <subfield code="q">siglum</subfield>
         <subfield code="2">rism</subfield>
      </datafield>
      <datafield tag="040" ind1=" " ind2=" ">
         <subfield code="a">DE-633</subfield>
         <subfield code="c">DE-633</subfield>
         <subfield code="e">rismg</subfield>
      </datafield>
      <datafield tag="043" ind1=" " ind2=" ">
         <subfield code="c">XA-ES</subfield>
      </datafield>
      <datafield tag="110" ind1="2" ind2=" ">
         <subfield code="a">Archivo del Senado</subfield>
         <subfield code="c">Madrid</subfield>
         <subfield code="g">E-Ms</subfield>
      </datafield>
      <datafield tag="368" ind1=" " ind2=" ">
         <subfield code="a">Institution</subfield>
      </datafield>
      <datafield tag="368" ind1=" " ind2=" ">
         <subfield code="a">Library</subfield>
      </datafield>
      <datafield tag="371" ind1=" " ind2=" ">
         <subfield code="a">Archivo del Senado, c/ Bailén, 3, 28071 Madrid, Spain</subfield>
         <subfield code="u">http://www.senado.es/web/index.html</subfield>
      </datafield>
      <datafield tag="551" ind1=" " ind2=" ">
         <subfield code="a">Madrid</subfield>
         <subfield code="0">places/3900371</subfield>
      </datafield>
      <datafield tag="680" ind1=" " ind2=" ">
         <subfield code="a">Keeps handwritten scores, especially the 19th century and some late 18th. Monographs of the 18th and early 19th  centuries, from authors like Antonio Eximeno, Esteban de Arteaga, José Joaquín de Virués-Espínola, J. Rousseau, etc.  - Colección documental Arteche (Arteche documentary collection) containing scores of patriotic songs of the Guerra de la Independencia (War of Independence, 1808-1814). - Scores coming from the Biblioteca del Infante Carlos María Isidro de Borbón (library of Infante Carlos María Isidro de Borbón). Online catalogue: http://www.senado.es/cgi-bin/abweb/X9101/ID8748/G0</subfield>
      </datafield>
   </record>