
   <record>
      <leader>00000nz  a2200000nc 4500</leader>
      <controlfield tag="001">institutions/30003303</controlfield>
      <controlfield tag="003">DE-633</controlfield>
      <controlfield tag="005">20250620052020.0</controlfield>
      <controlfield tag="008">161109||||z|||a|||||||||||||||||n||||||d</controlfield>
      <datafield tag="024" ind1="7" ind2=" ">
         <subfield code="a">E-Msa</subfield>
         <subfield code="q">siglum</subfield>
         <subfield code="2">rism</subfield>
      </datafield>
      <datafield tag="034" ind1="2" ind2=" ">
         <subfield code="d">-3.6965825</subfield>
         <subfield code="f">40.4253712</subfield>
      </datafield>
      <datafield tag="040" ind1=" " ind2=" ">
         <subfield code="a">DE-633</subfield>
         <subfield code="c">DE-633</subfield>
         <subfield code="e">rismg</subfield>
      </datafield>
      <datafield tag="043" ind1=" " ind2=" ">
         <subfield code="c">XA-ES</subfield>
      </datafield>
      <datafield tag="110" ind1="2" ind2=" ">
         <subfield code="a">Centro de Documentación, Archivo y Patrimonio (CEDOA)</subfield>
         <subfield code="c">Madrid</subfield>
         <subfield code="g">E-Msa</subfield>
      </datafield>
      <datafield tag="368" ind1=" " ind2=" ">
         <subfield code="a">Library</subfield>
      </datafield>
      <datafield tag="368" ind1=" " ind2=" ">
         <subfield code="a">Institution</subfield>
      </datafield>
      <datafield tag="371" ind1=" " ind2=" ">
         <subfield code="a">Centro de Documentación, Archivo y,  Patrimonio (CEDOA), c/ Fernando VI, 4, 28004 Madrid, Spain</subfield>
         <subfield code="u">http://www.sgae.es/acerca-de/el-cedoa-de-la-sgae/</subfield>
      </datafield>
      <datafield tag="410" ind1="2" ind2=" ">
         <subfield code="a">Sociedad General de Autores y Editores (SGAE)</subfield>
      </datafield>
      <datafield tag="410" ind1="2" ind2=" ">
         <subfield code="a">Sociedad General de Autores de España</subfield>
      </datafield>
      <datafield tag="551" ind1=" " ind2=" ">
         <subfield code="a">Madrid</subfield>
         <subfield code="0">places/3900371</subfield>
      </datafield>
      <datafield tag="680" ind1=" " ind2=" ">
         <subfield code="a">Archivo lírico que contiene materiales de orquesta de más de diez mil zarzuelas, además de un importante conjunto de partituras manuscritas originales de zarzuela y una voluminosa colección de libretos editados o manuscritos. El denominado Archivo sinfónico contiene más de treinta mil partituras de música no teatral (tanto vocal como instrumental, sinfónica y camerística). El Archivo histórico de "pequeño derecho" está conformado por cuarenta mil partituras de música comercial de 1940 a 1985. La Biblioteca cuenta con un nutrido fondo bibliográfico sobre música, teatro y derechos de autor. Completa esta sección un amplio conjunto de fondos iconográficos (imágenes de autores, intérpretes y obras músico-teatrales), hemerográficos (publicaciones periódicas antiguas y modernas de música y teatro) y especiales (documentación diversa o efectos personales de autores e intérpretes). Fondos: - Alfonso Santisteban - Antonio Torrandell - Carmen Ontiveros - César de la Fuente Perona - Conrado del Campo Zabaleta  - Daniel Montorio Fajó - Ernesto Pérez Rosillo - Fernando García Morcillo - Fernando Moraleda - Francisco Alonso López - Genaro Monreal - Manuel Gordillo - Joaquín Gasca Jiménez - José Mª Legaza - Julián Perera - Joseíto Fernández - Manuel Blancafort - Miguel Alonso Gómez - Pablo Luna Carné - Waldo de los Ríos - Bernardo Bonezzi - Jaime Salón En custodia compartida con el ICCMU: - Archivo de la Unión Musical Española - Archivo Vidal Llimona y Boceta - Archivo Jacinto Guerrero</subfield>
      </datafield>
   </record>