
   <record>
      <leader>00000nz  a2200000nc 4500</leader>
      <controlfield tag="001">institutions/30080759</controlfield>
      <controlfield tag="003">DE-633</controlfield>
      <controlfield tag="005">20250620052133.0</controlfield>
      <controlfield tag="008">161109||||z|||a|||||||||||||||||n||||||d</controlfield>
      <datafield tag="024" ind1="7" ind2=" ">
         <subfield code="a">E-Mtnt</subfield>
         <subfield code="q">siglum</subfield>
         <subfield code="2">rism</subfield>
      </datafield>
      <datafield tag="034" ind1="2" ind2=" ">
         <subfield code="d">-3.628904</subfield>
         <subfield code="f">40.436678</subfield>
      </datafield>
      <datafield tag="040" ind1=" " ind2=" ">
         <subfield code="a">DE-633</subfield>
         <subfield code="c">DE-633</subfield>
         <subfield code="e">rismg</subfield>
      </datafield>
      <datafield tag="043" ind1=" " ind2=" ">
         <subfield code="c">XA-ES</subfield>
      </datafield>
      <datafield tag="110" ind1="2" ind2=" ">
         <subfield code="a">Biblioteca Tomás Navarro Tomás. Archivo del Centro de Ciencias Humanas y Sociales (CSIC)</subfield>
         <subfield code="c">Madrid</subfield>
         <subfield code="g">E-Mtnt</subfield>
      </datafield>
      <datafield tag="368" ind1=" " ind2=" ">
         <subfield code="a">Institution</subfield>
      </datafield>
      <datafield tag="368" ind1=" " ind2=" ">
         <subfield code="a">Library</subfield>
      </datafield>
      <datafield tag="371" ind1=" " ind2=" ">
         <subfield code="a">Biblioteca Tomás Navarro Tomás. Archivo,  del Centro de Ciencias Humanas y,  Sociales (CSIC), Calle de Albasanz, 26-28, 28037 Madrid, Spain</subfield>
         <subfield code="u">http://biblioteca.cchs.csic.es/#&amp;panel1-1</subfield>
      </datafield>
      <datafield tag="551" ind1=" " ind2=" ">
         <subfield code="a">Madrid</subfield>
         <subfield code="0">places/3900371</subfield>
      </datafield>
      <datafield tag="680" ind1=" " ind2=" ">
         <subfield code="a">They have the following documentary holdings related to music: - Archive of the Word (sound recordings) (1931-1958). - Popular Songs and Music Archive (sound recordings). - Section Popular songs (musical scores). - Collection Schindler (sound recordings) (1932-1933).</subfield>
      </datafield>
   </record>