
   <record>
      <leader>00000nz  a2200000nc 4500</leader>
      <controlfield tag="001">institutions/30006015</controlfield>
      <controlfield tag="003">DE-633</controlfield>
      <controlfield tag="005">20250620052044.0</controlfield>
      <controlfield tag="008">161109||||z|||a|||||||||||||||||n||||||d</controlfield>
      <datafield tag="024" ind1="7" ind2=" ">
         <subfield code="a">E-Muc</subfield>
         <subfield code="q">siglum</subfield>
         <subfield code="2">rism</subfield>
      </datafield>
      <datafield tag="040" ind1=" " ind2=" ">
         <subfield code="a">DE-633</subfield>
         <subfield code="c">DE-633</subfield>
         <subfield code="e">rismg</subfield>
      </datafield>
      <datafield tag="043" ind1=" " ind2=" ">
         <subfield code="c">XA-ES</subfield>
      </datafield>
      <datafield tag="110" ind1="2" ind2=" ">
         <subfield code="a">Universidad Pontificia de Comillas, Biblioteca, Sección de Música</subfield>
         <subfield code="c">Madrid</subfield>
         <subfield code="g">E-Muc</subfield>
      </datafield>
      <datafield tag="368" ind1=" " ind2=" ">
         <subfield code="a">Library</subfield>
      </datafield>
      <datafield tag="368" ind1=" " ind2=" ">
         <subfield code="a">Institution</subfield>
      </datafield>
      <datafield tag="371" ind1=" " ind2=" ">
         <subfield code="a">Universidad Pontificia de Comillas,,  Biblioteca, Sección de Música, C. Universidad Pontificia Comillas, 3-5, 28049 Madrid, Spain</subfield>
         <subfield code="u">http://www.upcomillas.es/es/biblioteca</subfield>
      </datafield>
      <datafield tag="551" ind1=" " ind2=" ">
         <subfield code="a">Madrid</subfield>
         <subfield code="0">places/3900371</subfield>
      </datafield>
   </record>