
   <record>
      <leader>00000nz  a2200000nc 4500</leader>
      <controlfield tag="001">institutions/30080156</controlfield>
      <controlfield tag="003">DE-633</controlfield>
      <controlfield tag="005">20250620052129.0</controlfield>
      <controlfield tag="008">161109||||z|||a|||||||||||||||||n||||||d</controlfield>
      <datafield tag="024" ind1="7" ind2=" ">
         <subfield code="a">E-OIA</subfield>
         <subfield code="q">siglum</subfield>
         <subfield code="2">rism</subfield>
      </datafield>
      <datafield tag="040" ind1=" " ind2=" ">
         <subfield code="a">DE-633</subfield>
         <subfield code="c">DE-633</subfield>
         <subfield code="e">rismg</subfield>
      </datafield>
      <datafield tag="043" ind1=" " ind2=" ">
         <subfield code="c">XA-ES</subfield>
      </datafield>
      <datafield tag="110" ind1="2" ind2=" ">
         <subfield code="a">Herri Musikaren Txokoa. Herri Musicaren Dokumentazio Zentrua</subfield>
         <subfield code="c">Oiartzun</subfield>
         <subfield code="g">E-OIA</subfield>
      </datafield>
      <datafield tag="368" ind1=" " ind2=" ">
         <subfield code="a">Institution</subfield>
      </datafield>
      <datafield tag="368" ind1=" " ind2=" ">
         <subfield code="a">Library</subfield>
      </datafield>
      <datafield tag="371" ind1=" " ind2=" ">
         <subfield code="a">Herri Musikaren Txokoa. Herri Musicaren,  Dokumentazio Zentrua, c/ Tornola, 6, 20180 Oiartzun, Spain</subfield>
         <subfield code="u">http://www.herrimusika.org/index.php?id=eu</subfield>
      </datafield>
      <datafield tag="410" ind1="2" ind2=" ">
         <subfield code="a">Centro de Documentación de Música Popular</subfield>
      </datafield>
      <datafield tag="551" ind1=" " ind2=" ">
         <subfield code="a">Oiartzun</subfield>
         <subfield code="0">places/3905640</subfield>
      </datafield>
      <datafield tag="680" ind1=" " ind2=" ">
         <subfield code="a">Centro de documentación y lugar de encuentro en torno a la música popular, dedicado a dar a conocer todo lo relacionado con la música y los instrumentos populares, así como a su difusión, promoción e investigación. Contiene una biblioteca, una fonoteca una colección de instrumentos musicales y un archivo de imágenes.</subfield>
      </datafield>
   </record>