
   <record>
      <leader>00000nz  a2200000nc 4500</leader>
      <controlfield tag="001">institutions/51007300</controlfield>
      <controlfield tag="003">DE-633</controlfield>
      <controlfield tag="005">20250620052314.0</controlfield>
      <controlfield tag="008">230801||||z|||a|||||||||||||||||n||||||d</controlfield>
      <datafield tag="024" ind1="7" ind2=" ">
         <subfield code="a">Q11906832</subfield>
         <subfield code="2">WKP</subfield>
      </datafield>
      <datafield tag="024" ind1="7" ind2=" ">
         <subfield code="a">E-OLEap</subfield>
         <subfield code="q">siglum</subfield>
         <subfield code="2">rism</subfield>
      </datafield>
      <datafield tag="034" ind1="1" ind2=" ">
         <subfield code="d">1.893691678507165</subfield>
         <subfield code="f">41.545440660117535</subfield>
      </datafield>
      <datafield tag="040" ind1=" " ind2=" ">
         <subfield code="a">DE-633</subfield>
         <subfield code="c">DE-633</subfield>
         <subfield code="e">rismg</subfield>
      </datafield>
      <datafield tag="043" ind1=" " ind2=" ">
         <subfield code="c">XA-ES</subfield>
      </datafield>
      <datafield tag="110" ind1="1" ind2=" ">
         <subfield code="a">Arxiu Parroquial d’Olesa de Montserrat</subfield>
         <subfield code="c">Olesa de Montserrat</subfield>
         <subfield code="g">E-OLEap</subfield>
      </datafield>
      <datafield tag="368" ind1=" " ind2=" ">
         <subfield code="a">Institution</subfield>
         <subfield code="a">Library</subfield>
      </datafield>
      <datafield tag="371" ind1=" " ind2=" ">
         <subfield code="a">Plaça Nova, 21</subfield>
         <subfield code="b">08640 Olesa de Montserrat</subfield>
         <subfield code="c">Catalunya</subfield>
         <subfield code="d">Spain</subfield>
         <subfield code="m">arxiuparroquialdolesa@gmail.com</subfield>
         <subfield code="u">https://olesamontserrat.parroquia.cat/arxiu-parroquial/</subfield>
         <subfield code="z">contact: Xavier Rota</subfield>
         <subfield code="z">tel: +34 / 627322648</subfield>
      </datafield>
      <datafield tag="551" ind1="1" ind2=" ">
         <subfield code="a">Olesa de Montserrat</subfield>
         <subfield code="0">places/50020317</subfield>
      </datafield>
   </record>