
   <record>
      <leader>00000nz  a2200000nc 4500</leader>
      <controlfield tag="001">institutions/30076559</controlfield>
      <controlfield tag="003">DE-633</controlfield>
      <controlfield tag="005">20250620052111.0</controlfield>
      <controlfield tag="008">161109||||z|||a|||||||||||||||||n||||||d</controlfield>
      <datafield tag="024" ind1="7" ind2=" ">
         <subfield code="a">E-OLI</subfield>
         <subfield code="q">siglum</subfield>
         <subfield code="2">rism</subfield>
      </datafield>
      <datafield tag="040" ind1=" " ind2=" ">
         <subfield code="a">DE-633</subfield>
         <subfield code="c">DE-633</subfield>
         <subfield code="e">rismg</subfield>
      </datafield>
      <datafield tag="043" ind1=" " ind2=" ">
         <subfield code="c">XA-ES</subfield>
      </datafield>
      <datafield tag="110" ind1="2" ind2=" ">
         <subfield code="a">Iglesia Colegial de Santa María de las Nieves. Archivo Musical</subfield>
         <subfield code="c">Olivares</subfield>
         <subfield code="g">E-OLI</subfield>
      </datafield>
      <datafield tag="368" ind1=" " ind2=" ">
         <subfield code="a">Institution</subfield>
      </datafield>
      <datafield tag="368" ind1=" " ind2=" ">
         <subfield code="a">Library</subfield>
      </datafield>
      <datafield tag="371" ind1=" " ind2=" ">
         <subfield code="a">Iglesia Colegial de Santa María de las,  Nieves. Archivo Musical, Pza. de España, s/n, 41804 Olivares, Spain</subfield>
         <subfield code="u">http://www.turismo-olivares.es/</subfield>
      </datafield>
      <datafield tag="551" ind1=" " ind2=" ">
         <subfield code="a">Olivares</subfield>
         <subfield code="0">places/3905279</subfield>
      </datafield>
      <datafield tag="680" ind1=" " ind2=" ">
         <subfield code="a">It contains mainly baroque music: masses, motets, magnificats and misereres in Latin. There are also compositions in Spanish, as cantatas, arias and villancicos, dating from the 18th century.</subfield>
      </datafield>
   </record>