
   <record>
      <leader>00000nz  a2200000nc 4500</leader>
      <controlfield tag="001">institutions/30003306</controlfield>
      <controlfield tag="003">DE-633</controlfield>
      <controlfield tag="005">20250620052020.0</controlfield>
      <controlfield tag="008">161109||||z|||a|||||||||||||||||n||||||d</controlfield>
      <datafield tag="024" ind1="7" ind2=" ">
         <subfield code="a">E-OR</subfield>
         <subfield code="q">siglum</subfield>
         <subfield code="2">rism</subfield>
      </datafield>
      <datafield tag="040" ind1=" " ind2=" ">
         <subfield code="a">DE-633</subfield>
         <subfield code="c">DE-633</subfield>
         <subfield code="e">rismg</subfield>
      </datafield>
      <datafield tag="043" ind1=" " ind2=" ">
         <subfield code="c">XA-ES</subfield>
      </datafield>
      <datafield tag="110" ind1="2" ind2=" ">
         <subfield code="a">Archivo Catedralicio de Ourense</subfield>
         <subfield code="c">Ourense</subfield>
         <subfield code="g">E-OR</subfield>
      </datafield>
      <datafield tag="368" ind1=" " ind2=" ">
         <subfield code="a">Library</subfield>
      </datafield>
      <datafield tag="368" ind1=" " ind2=" ">
         <subfield code="a">Institution</subfield>
      </datafield>
      <datafield tag="371" ind1=" " ind2=" ">
         <subfield code="a">Archivo Catedralicio de Ourense, Praza do Trigo, s/n, 32005 Ourense, Spain</subfield>
         <subfield code="u">http://www.obispadodeourense.com/diocesis/diocesis_catedral.php</subfield>
      </datafield>
      <datafield tag="410" ind1="2" ind2=" ">
         <subfield code="a">Catedral, Archivo</subfield>
      </datafield>
      <datafield tag="551" ind1=" " ind2=" ">
         <subfield code="a">Ourense</subfield>
         <subfield code="0">places/3903771</subfield>
      </datafield>
      <datafield tag="667" ind1=" " ind2=" ">
         <subfield code="a">Published sources: 1</subfield>
      </datafield>
      <datafield tag="680" ind1=" " ind2=" ">
         <subfield code="a">Los fondos del archivo son aproximadamente un millar de composiciones de música religiosa con un pequeño grupo de particelas de los siglos XVII; el papel de música más antiguo está fechado en 1637, el resto son partituras posteriores a 1766. En la Biblioteca Capitular se custodia un raro ejemplar impreso editado por Iacobus Modernus en Lyon en 1540 que contiene importantes misas de parodia y otras composiciones polifónicas religiosas francesas de los siglos XV y XVI. La música procede de 14 maestros de capilla, de otros 12 músicos relacionados con la catedral y de unos 100 compositores españoles y extranjeros.</subfield>
      </datafield>
   </record>