
   <record>
      <leader>00000nz  a2200000nc 4500</leader>
      <controlfield tag="001">institutions/30079672</controlfield>
      <controlfield tag="003">DE-633</controlfield>
      <controlfield tag="005">20250620052126.0</controlfield>
      <controlfield tag="008">161109||||z|||a|||||||||||||||||n||||||d</controlfield>
      <datafield tag="024" ind1="7" ind2=" ">
         <subfield code="a">21159032520401180838</subfield>
         <subfield code="2">VIAF</subfield>
      </datafield>
      <datafield tag="024" ind1="7" ind2=" ">
         <subfield code="a">Q8203637</subfield>
         <subfield code="2">WKP</subfield>
      </datafield>
      <datafield tag="024" ind1="7" ind2=" ">
         <subfield code="a">E-OVah</subfield>
         <subfield code="q">siglum</subfield>
         <subfield code="2">rism</subfield>
      </datafield>
      <datafield tag="034" ind1="1" ind2=" ">
         <subfield code="d">-5.851168815626758</subfield>
         <subfield code="f">43.37048229419581</subfield>
      </datafield>
      <datafield tag="040" ind1=" " ind2=" ">
         <subfield code="a">DE-633</subfield>
         <subfield code="c">DE-633</subfield>
         <subfield code="e">rismg</subfield>
      </datafield>
      <datafield tag="043" ind1=" " ind2=" ">
         <subfield code="c">XA-ES</subfield>
      </datafield>
      <datafield tag="110" ind1="1" ind2=" ">
         <subfield code="a">Archivo Histórico de Asturias</subfield>
         <subfield code="c">Oviedo</subfield>
         <subfield code="g">E-OVah</subfield>
      </datafield>
      <datafield tag="368" ind1=" " ind2=" ">
         <subfield code="a">Institution</subfield>
         <subfield code="a">Archive</subfield>
         <subfield code="a">Library</subfield>
      </datafield>
      <datafield tag="371" ind1=" " ind2=" ">
         <subfield code="a">Calle del Arcipreste de Hita, 2</subfield>
         <subfield code="b">Oviedo</subfield>
         <subfield code="c">Asturias</subfield>
         <subfield code="d">Spain</subfield>
         <subfield code="e">33012</subfield>
         <subfield code="u">https://www.museosasturias.com/museos/c/0/i/41151282/archivo-historico-de-asturias</subfield>
         <subfield code="z">tel: +34 / 985 225 769</subfield>
      </datafield>
      <datafield tag="551" ind1="1" ind2=" ">
         <subfield code="a">Oviedo</subfield>
         <subfield code="0">places/3903774</subfield>
      </datafield>
      <datafield tag="680" ind1="1" ind2=" ">
         <subfield code="a">This collection is composed by parchment fragments, most of them bifolios, coming from breviaries, antiphonaries, Passions, missals, psalters, hymnals, choir books, graduals and glossaries. Contain liturgical texts and scores on Aquitaine and Gregorian square notation. Available in digital format.</subfield>
      </datafield>
   </record>