
   <record>
      <leader>00000nz  a2200000nc 4500</leader>
      <controlfield tag="001">institutions/30006221</controlfield>
      <controlfield tag="003">DE-633</controlfield>
      <controlfield tag="005">20250620052046.0</controlfield>
      <controlfield tag="008">161109||||z|||a|||||||||||||||||n||||||d</controlfield>
      <datafield tag="024" ind1="7" ind2=" ">
         <subfield code="a">E-OVam</subfield>
         <subfield code="q">siglum</subfield>
         <subfield code="2">rism</subfield>
      </datafield>
      <datafield tag="040" ind1=" " ind2=" ">
         <subfield code="a">DE-633</subfield>
         <subfield code="c">DE-633</subfield>
         <subfield code="e">rismg</subfield>
      </datafield>
      <datafield tag="043" ind1=" " ind2=" ">
         <subfield code="c">XA-ES</subfield>
      </datafield>
      <datafield tag="110" ind1="2" ind2=" ">
         <subfield code="a">Archivo de Música de Asturias</subfield>
         <subfield code="c">Oviedo</subfield>
         <subfield code="g">E-OVam</subfield>
      </datafield>
      <datafield tag="368" ind1=" " ind2=" ">
         <subfield code="a">Library</subfield>
      </datafield>
      <datafield tag="368" ind1=" " ind2=" ">
         <subfield code="a">Institution</subfield>
      </datafield>
      <datafield tag="371" ind1=" " ind2=" ">
         <subfield code="a">Archivo de Musica de Asturias, Plaza Daoíz y Velarde, 11, 33009 Oviedo, Spain</subfield>
         <subfield code="u">http://www.archivodemusicadeasturias.com/scripts/portada.asp</subfield>
      </datafield>
      <datafield tag="551" ind1=" " ind2=" ">
         <subfield code="a">Oviedo</subfield>
         <subfield code="0">places/3903774</subfield>
      </datafield>
      <datafield tag="680" ind1=" " ind2=" ">
         <subfield code="a">La actividad del Archivo consiste en la recuperación, conservación, catalogación, estudio y difusión de la música sobre Asturias. Además de los documentos que posee, dispone de 14.470 referencias bibliográficas recogidas en la base de datos denominada Musicae, correspondientes a partituras, grabaciones sonoras, monografías, hemeroteca y audiovisuales, cuya consulta se puede realizar en las dependencias que el archivo tiene en la Biblioteca de Asturias "Ramón Pérez de Ayala".</subfield>
      </datafield>
   </record>