
   <record>
      <leader>00000nz  a2200000nc 4500</leader>
      <controlfield tag="001">institutions/30001390</controlfield>
      <controlfield tag="003">DE-633</controlfield>
      <controlfield tag="005">20250620052004.0</controlfield>
      <controlfield tag="008">161109||||z|||a|||||||||||||||||n||||||d</controlfield>
      <datafield tag="024" ind1="7" ind2=" ">
         <subfield code="a">E-P</subfield>
         <subfield code="q">siglum</subfield>
         <subfield code="2">rism</subfield>
      </datafield>
      <datafield tag="040" ind1=" " ind2=" ">
         <subfield code="a">DE-633</subfield>
         <subfield code="c">DE-633</subfield>
         <subfield code="e">rismg</subfield>
      </datafield>
      <datafield tag="043" ind1=" " ind2=" ">
         <subfield code="c">XA-ES</subfield>
      </datafield>
      <datafield tag="110" ind1="2" ind2=" ">
         <subfield code="a">Catedral de Plasencia, Archivo de Música</subfield>
         <subfield code="c">Plasencia</subfield>
         <subfield code="g">E-P</subfield>
      </datafield>
      <datafield tag="368" ind1=" " ind2=" ">
         <subfield code="a">Library</subfield>
      </datafield>
      <datafield tag="368" ind1=" " ind2=" ">
         <subfield code="a">Institution</subfield>
      </datafield>
      <datafield tag="371" ind1=" " ind2=" ">
         <subfield code="a">Catedral de Plasencia, Archivo de Música, Pl. de la Catedral, s/n, 10600 Plasencia, Spain</subfield>
         <subfield code="u">http://www.diocesisplasencia.org/w/</subfield>
      </datafield>
      <datafield tag="551" ind1=" " ind2=" ">
         <subfield code="a">Plasencia</subfield>
         <subfield code="0">places/3903189</subfield>
      </datafield>
      <datafield tag="667" ind1=" " ind2=" ">
         <subfield code="a">Published sources: 4</subfield>
      </datafield>
      <datafield tag="680" ind1=" " ind2=" ">
         <subfield code="a">El archivo musical, en una sala separada del archivo general, incluye 90 cantorales monódicos, 4 cantorales manuscritos polifónicos (siglos XVI al XVIII), y 4 libros impresos en notación de cantoral. Igualmente, 56 legajos agrupando papeles sueltos con música religiosa vocal e instrumental. Cuenta con un catálogo manuscrito (2 vols., 1954) realizado por el antiguo archivero Manuel López Sánchez-Mora, que está disponible en el archivo.</subfield>
      </datafield>
   </record>