
   <record>
      <leader>00000nz  a2200000nc 4500</leader>
      <controlfield tag="001">institutions/51000588</controlfield>
      <controlfield tag="003">DE-633</controlfield>
      <controlfield tag="005">20250620052238.0</controlfield>
      <controlfield tag="008">180110||||z|||a|||||||||||||||||n||||||d</controlfield>
      <datafield tag="024" ind1="7" ind2=" ">
         <subfield code="a">E-PAMahc</subfield>
         <subfield code="q">siglum</subfield>
         <subfield code="2">rism</subfield>
      </datafield>
      <datafield tag="034" ind1="1" ind2=" ">
         <subfield code="d">-1.640480</subfield>
         <subfield code="f">42.830748</subfield>
      </datafield>
      <datafield tag="040" ind1=" " ind2=" ">
         <subfield code="a">DE-633</subfield>
         <subfield code="c">DE-633</subfield>
         <subfield code="e">rismg</subfield>
      </datafield>
      <datafield tag="043" ind1=" " ind2=" ">
         <subfield code="c">XA-ES</subfield>
      </datafield>
      <datafield tag="110" ind1="1" ind2=" ">
         <subfield code="a">Archivo Histórico Provincial de Capuchinos</subfield>
         <subfield code="c">Pamplona</subfield>
         <subfield code="g">E-PAMahc</subfield>
      </datafield>
      <datafield tag="368" ind1=" " ind2=" ">
         <subfield code="a">Institution</subfield>
         <subfield code="a">Library</subfield>
         <subfield code="a">Archive</subfield>
      </datafield>
      <datafield tag="371" ind1=" " ind2=" ">
         <subfield code="a">c/ Errotazar 42</subfield>
         <subfield code="b">Pamplona</subfield>
         <subfield code="c">Navarra</subfield>
         <subfield code="d">Spain</subfield>
         <subfield code="e">31014</subfield>
         <subfield code="m">jaecheverria@ofmcap.org</subfield>
         <subfield code="u">http://iglesiasanpedro.capuchinospamplona.org/recursos/archivo-provincial/</subfield>
         <subfield code="z">tel: +34 / 948 / 382819</subfield>
      </datafield>
      <datafield tag="551" ind1="1" ind2=" ">
         <subfield code="a">Pamplona</subfield>
         <subfield code="0">places/3903775</subfield>
      </datafield>
   </record>