
   <record>
      <leader>00000nz  a2200000nc 4500</leader>
      <controlfield tag="001">institutions/30079657</controlfield>
      <controlfield tag="003">DE-633</controlfield>
      <controlfield tag="005">20250620052125.0</controlfield>
      <controlfield tag="008">161109||||z|||a|||||||||||||||||n||||||d</controlfield>
      <datafield tag="024" ind1="7" ind2=" ">
         <subfield code="a">206135262</subfield>
         <subfield code="2">VIAF</subfield>
      </datafield>
      <datafield tag="024" ind1="7" ind2=" ">
         <subfield code="a">Q63859207</subfield>
         <subfield code="2">WKP</subfield>
      </datafield>
      <datafield tag="024" ind1="7" ind2=" ">
         <subfield code="a">E-PAMan</subfield>
         <subfield code="q">siglum</subfield>
         <subfield code="2">rism</subfield>
      </datafield>
      <datafield tag="034" ind1="1" ind2=" ">
         <subfield code="d">-1.6444459059617023</subfield>
         <subfield code="f">42.82013234588422</subfield>
      </datafield>
      <datafield tag="040" ind1=" " ind2=" ">
         <subfield code="a">DE-633</subfield>
         <subfield code="c">DE-633</subfield>
         <subfield code="e">rismg</subfield>
      </datafield>
      <datafield tag="043" ind1=" " ind2=" ">
         <subfield code="c">XA-ES</subfield>
      </datafield>
      <datafield tag="110" ind1="1" ind2=" ">
         <subfield code="a">Archivo Real y General de Navarra / Nafarroako Artxibo Nagusia</subfield>
         <subfield code="c">Pamplona / Iruñea</subfield>
         <subfield code="g">E-PAMan</subfield>
      </datafield>
      <datafield tag="368" ind1=" " ind2=" ">
         <subfield code="a">Institution</subfield>
         <subfield code="a">Archive</subfield>
         <subfield code="a">Library</subfield>
      </datafield>
      <datafield tag="371" ind1=" " ind2=" ">
         <subfield code="a">Calle Dos de mayo, 8</subfield>
         <subfield code="b">Pamplona / Iruñea</subfield>
         <subfield code="c">Navarra</subfield>
         <subfield code="d">Spain</subfield>
         <subfield code="e">31001</subfield>
         <subfield code="m">archivogeneral@navarra.es</subfield>
         <subfield code="u">https://agn.navarra.es/es/</subfield>
         <subfield code="z">tel: +34 / 848 424667</subfield>
      </datafield>
      <datafield tag="551" ind1="1" ind2=" ">
         <subfield code="a">Pamplona</subfield>
         <subfield code="0">places/3903775</subfield>
      </datafield>
      <datafield tag="680" ind1="1" ind2=" ">
         <subfield code="a">Its documents testify over a thousand years of history of Navarre, from the earliest dating from the 10th century to the latest from the 80's of the 20th century.  - Fondo musical del maestro Jesús García Leoz (García-Leoz music collection) (1904-1953) - Archivo musical de Emilio Arrieta (Emilio Arrieta music archive) (1823-1894)</subfield>
      </datafield>
   </record>