
   <record>
      <leader>00000nz  a2200000nc 4500</leader>
      <controlfield tag="001">institutions/51006778</controlfield>
      <controlfield tag="003">DE-633</controlfield>
      <controlfield tag="005">20250620052310.0</controlfield>
      <controlfield tag="008">220927||||z|||a|||||||||||||||||n||||||d</controlfield>
      <datafield tag="024" ind1="7" ind2=" ">
         <subfield code="a">Q8247492</subfield>
         <subfield code="2">WKP</subfield>
      </datafield>
      <datafield tag="024" ind1="7" ind2=" ">
         <subfield code="a">E-PAMbn</subfield>
         <subfield code="q">siglum</subfield>
         <subfield code="2">rism</subfield>
      </datafield>
      <datafield tag="034" ind1="1" ind2=" ">
         <subfield code="d">-1.675565552909016</subfield>
         <subfield code="f">42.80923680011419</subfield>
      </datafield>
      <datafield tag="040" ind1=" " ind2=" ">
         <subfield code="a">DE-633</subfield>
         <subfield code="c">DE-633</subfield>
         <subfield code="e">rismg</subfield>
      </datafield>
      <datafield tag="043" ind1=" " ind2=" ">
         <subfield code="c">XA-ES</subfield>
      </datafield>
      <datafield tag="110" ind1="1" ind2=" ">
         <subfield code="a">Biblioteca de Navarra</subfield>
         <subfield code="c">Pamplona</subfield>
         <subfield code="g">E-PAMbn</subfield>
      </datafield>
      <datafield tag="368" ind1=" " ind2=" ">
         <subfield code="a">Institution</subfield>
         <subfield code="a">Library</subfield>
      </datafield>
      <datafield tag="371" ind1=" " ind2=" ">
         <subfield code="a">Antonio Pérez Goyena 3</subfield>
         <subfield code="b">31008 Pamplona</subfield>
         <subfield code="c">Navarra</subfield>
         <subfield code="d">Spain</subfield>
         <subfield code="m">bibliotecadenavarra@navarra.es</subfield>
         <subfield code="u">https://www.bibliotecaspublicas.es/navarra</subfield>
         <subfield code="z">tel: +34 / 848427797</subfield>
      </datafield>
      <datafield tag="410" ind1=" " ind2=" ">
         <subfield code="a">Biblioteca General de Navarra</subfield>
      </datafield>
      <datafield tag="551" ind1="1" ind2=" ">
         <subfield code="a">Pamplona</subfield>
         <subfield code="0">places/3903775</subfield>
      </datafield>
   </record>