
   <record>
      <leader>00000nz  a2200000nc 4500</leader>
      <controlfield tag="001">institutions/30003311</controlfield>
      <controlfield tag="003">DE-633</controlfield>
      <controlfield tag="005">20250620052020.0</controlfield>
      <controlfield tag="008">161109||||z|||a|||||||||||||||||n||||||d</controlfield>
      <datafield tag="024" ind1="7" ind2=" ">
         <subfield code="a">11159032648701181203</subfield>
         <subfield code="2">VIAF</subfield>
      </datafield>
      <datafield tag="024" ind1="7" ind2=" ">
         <subfield code="a">Q25477147</subfield>
         <subfield code="2">WKP</subfield>
      </datafield>
      <datafield tag="024" ind1="7" ind2=" ">
         <subfield code="a">E-PAMm</subfield>
         <subfield code="q">siglum</subfield>
         <subfield code="2">rism</subfield>
      </datafield>
      <datafield tag="034" ind1="1" ind2=" ">
         <subfield code="d">-1.6454344582769154</subfield>
         <subfield code="f">42.81833381302342</subfield>
      </datafield>
      <datafield tag="040" ind1=" " ind2=" ">
         <subfield code="a">DE-633</subfield>
         <subfield code="c">DE-633</subfield>
         <subfield code="e">rismg</subfield>
      </datafield>
      <datafield tag="043" ind1=" " ind2=" ">
         <subfield code="c">XA-ES</subfield>
      </datafield>
      <datafield tag="110" ind1="1" ind2=" ">
         <subfield code="a">Museo Pablo Sarasate</subfield>
         <subfield code="c">Pamplona</subfield>
         <subfield code="g">E-PAMm</subfield>
      </datafield>
      <datafield tag="368" ind1=" " ind2=" ">
         <subfield code="a">Institution</subfield>
         <subfield code="a">Library</subfield>
         <subfield code="a">Museum</subfield>
      </datafield>
      <datafield tag="371" ind1=" " ind2=" ">
         <subfield code="a">Palacio del Condestable</subfield>
         <subfield code="a">c/ Mayor, 2</subfield>
         <subfield code="b">Pamplona</subfield>
         <subfield code="c">Navarra</subfield>
         <subfield code="d">Spain</subfield>
         <subfield code="e">31001</subfield>
         <subfield code="u">https://www.pamplona.es/entidades/museo-pablo-sarasate</subfield>
      </datafield>
      <datafield tag="551" ind1="1" ind2=" ">
         <subfield code="a">Pamplona</subfield>
         <subfield code="0">places/3903775</subfield>
      </datafield>
      <datafield tag="680" ind1="1" ind2=" ">
         <subfield code="a">Contiene vitrinas con objetos y documentos personales de Pablo Sarasate así como otros relacionados con su familia y amigos: fotografías, obsequios y condecoraciones de reyes y emperadores, partituras, obras y programas musicales legados por Sarasate al Ayuntamiento. Destaca además el retrato del violinista que preside la sala y el busto en bronce de Mariano Benlliure, los violines Vuillaume y Gand and Bernardel, y el piano Bechstein. El museo cuenta también con su archivo de partituras y la biblioteca del artista.</subfield>
      </datafield>
   </record>