
   <record>
      <leader>00000nz  a2200000nc 4500</leader>
      <controlfield tag="001">institutions/30001392</controlfield>
      <controlfield tag="003">DE-633</controlfield>
      <controlfield tag="005">20250620052004.0</controlfield>
      <controlfield tag="008">161109||||z|||a|||||||||||||||||n||||||d</controlfield>
      <datafield tag="024" ind1="7" ind2=" ">
         <subfield code="a">E-PAS</subfield>
         <subfield code="q">siglum</subfield>
         <subfield code="2">rism</subfield>
      </datafield>
      <datafield tag="040" ind1=" " ind2=" ">
         <subfield code="a">DE-633</subfield>
         <subfield code="c">DE-633</subfield>
         <subfield code="e">rismg</subfield>
      </datafield>
      <datafield tag="043" ind1=" " ind2=" ">
         <subfield code="c">XA-ES</subfield>
      </datafield>
      <datafield tag="110" ind1="2" ind2=" ">
         <subfield code="a">Archivo del Museo Parroquial de Pastrana</subfield>
         <subfield code="c">Pastrana</subfield>
         <subfield code="g">E-PAS</subfield>
      </datafield>
      <datafield tag="368" ind1=" " ind2=" ">
         <subfield code="a">Library</subfield>
      </datafield>
      <datafield tag="368" ind1=" " ind2=" ">
         <subfield code="a">Institution</subfield>
      </datafield>
      <datafield tag="371" ind1=" " ind2=" ">
         <subfield code="a">Archivo del Museo Parroquial de Pastrana, c/ Melchor Cano, 1, 19100 Pastrana, Spain</subfield>
         <subfield code="u">http://www4.planalfa.es/obsiguenza/MusPastr.htm</subfield>
      </datafield>
      <datafield tag="551" ind1=" " ind2=" ">
         <subfield code="a">Pastrana</subfield>
         <subfield code="0">places/3903191</subfield>
      </datafield>
      <datafield tag="667" ind1=" " ind2=" ">
         <subfield code="a">Published sources: 8</subfield>
      </datafield>
      <datafield tag="680" ind1=" " ind2=" ">
         <subfield code="a">Se encuentra entre sus fondos el libro polifónico Liber quindecim Missarum Electa Rum Quae Perexcel Lentissimos Musicos Compositae Fuerunt, impreso en Roma en 1516 por Andrés el Viejo de Montona y dedicado al Papa León X y que contiene misas de Josquin, Brumel, Fevin, Pièrre de la Rue, Mouton, Pippelare y Pedro Rosselli.</subfield>
      </datafield>
   </record>