
   <record>
      <leader>00000nz  a2200000nc 4500</leader>
      <controlfield tag="001">institutions/30002969</controlfield>
      <controlfield tag="003">DE-633</controlfield>
      <controlfield tag="005">20250620052017.0</controlfield>
      <controlfield tag="008">161109||||z|||a|||||||||||||||||n||||||d</controlfield>
      <datafield tag="024" ind1="7" ind2=" ">
         <subfield code="a">E-PAc</subfield>
         <subfield code="q">siglum</subfield>
         <subfield code="2">rism</subfield>
      </datafield>
      <datafield tag="040" ind1=" " ind2=" ">
         <subfield code="a">DE-633</subfield>
         <subfield code="c">DE-633</subfield>
         <subfield code="e">rismg</subfield>
      </datafield>
      <datafield tag="043" ind1=" " ind2=" ">
         <subfield code="c">XA-ES</subfield>
      </datafield>
      <datafield tag="110" ind1="1" ind2=" ">
         <subfield code="a">Archivo Capitular de Mallorca</subfield>
         <subfield code="c">Palma</subfield>
         <subfield code="g">E-PAc</subfield>
      </datafield>
      <datafield tag="368" ind1=" " ind2=" ">
         <subfield code="a">Institution</subfield>
         <subfield code="a">Archive</subfield>
         <subfield code="a">Library</subfield>
      </datafield>
      <datafield tag="371" ind1=" " ind2=" ">
         <subfield code="a">Archivo Capitular de Mallorca, Catedral de Mallorca, Pl. de la Seu, s/n, 07001 Palma de Mallorca, Spain</subfield>
         <subfield code="u">http://www.catedraldemallorca.info/principal/es/patrimonio/archivo</subfield>
      </datafield>
      <datafield tag="551" ind1="1" ind2=" ">
         <subfield code="a">Palma</subfield>
         <subfield code="0">places/50019014</subfield>
      </datafield>
      <datafield tag="667" ind1=" " ind2=" ">
         <subfield code="a">Published sources: 22</subfield>
      </datafield>
      <datafield tag="680" ind1="1" ind2=" ">
         <subfield code="a">Cuenta con un extenso archivo musical que se ha dividido en dos grupos principales: libros litúrgicos de canto y una amplia sección de papeles de música y partituras. El primero consta de 140 libros manuscritos y 17 impresos. En cuanto a los papeles de música, se encuentran junto a las de autores conocidos 79 obras anónimas de los siglos XVI al XIX. Además de los fondos propios de la catedral se conservan los provenientes del Convento de Santa Magdalena de Palma y los de la Cartuja de Valldemosa.</subfield>
      </datafield>
   </record>