
   <record>
      <leader>00000nz  a2200000nc 4500</leader>
      <controlfield tag="001">institutions/30079653</controlfield>
      <controlfield tag="003">DE-633</controlfield>
      <controlfield tag="005">20250620052125.0</controlfield>
      <controlfield tag="008">161109||||z|||a|||||||||||||||||n||||||d</controlfield>
      <datafield tag="024" ind1="7" ind2=" ">
         <subfield code="a">26159032521001180223</subfield>
         <subfield code="2">VIAF</subfield>
      </datafield>
      <datafield tag="024" ind1="7" ind2=" ">
         <subfield code="a">Q85806934</subfield>
         <subfield code="2">WKP</subfield>
      </datafield>
      <datafield tag="024" ind1="7" ind2=" ">
         <subfield code="a">E-PAcdm</subfield>
         <subfield code="q">siglum</subfield>
         <subfield code="2">rism</subfield>
      </datafield>
      <datafield tag="034" ind1="1" ind2=" ">
         <subfield code="d">2.6447477991947212</subfield>
         <subfield code="f">39.57687685933361</subfield>
      </datafield>
      <datafield tag="040" ind1=" " ind2=" ">
         <subfield code="a">DE-633</subfield>
         <subfield code="c">DE-633</subfield>
         <subfield code="e">rismg</subfield>
      </datafield>
      <datafield tag="043" ind1=" " ind2=" ">
         <subfield code="c">XA-ES</subfield>
      </datafield>
      <datafield tag="110" ind1="1" ind2=" ">
         <subfield code="a">Partituroteca i Centre de Documentació Musical</subfield>
         <subfield code="c">Palma</subfield>
         <subfield code="g">E-PAcdm</subfield>
      </datafield>
      <datafield tag="368" ind1=" " ind2=" ">
         <subfield code="a">Institution</subfield>
         <subfield code="a">Library</subfield>
         <subfield code="a">Documentation center</subfield>
      </datafield>
      <datafield tag="371" ind1=" " ind2=" ">
         <subfield code="a">Edifici Sa Riera, Miquel dels Sants Oliver, 2  3º</subfield>
         <subfield code="b">Palma</subfield>
         <subfield code="c">Illes Balears / Islas Baleares</subfield>
         <subfield code="d">Spain</subfield>
         <subfield code="e">07122</subfield>
         <subfield code="u">https://biblioteca.uib.cat/oferta/biblioteques/partituroteca</subfield>
         <subfield code="z">tel: +34 / 971 17 25 09</subfield>
      </datafield>
      <datafield tag="551" ind1="1" ind2=" ">
         <subfield code="a">Palma</subfield>
         <subfield code="0">places/50019014</subfield>
      </datafield>
      <datafield tag="680" ind1="1" ind2=" ">
         <subfield code="a">Contains scores, sound recordings, periodicals and library. Besides the Arxiu musical del Parlament de les Illes Balears (musical archive of the Parliament of the Balearic Islands), the old library from the Círculo Mallorquín (Majorcan Circle), consisting of lounge music, operas, unpublished works by Miquel Marques, etc. The La Nostra Música collection, with 26 titles published on choral music, concert band repertoire and children repertoire.  Legacies of the following composers of the Balearic Islands:  - Joan Maria Thomàs - Antoni Matheu - Antoni Torrandell - Bartomeu Oliver - Tomàs Seguí-Payeras Other donations:  - Joan Moll - Anthony Bonner - Agustí Aguiló - Familia Salleras-Martorell (Family Salleras-Martorell) - Fundació ACA (ACA Foundation) - Ona Digital - Blau - Conselleria de Cultura del Govern Balear (Department of Culture of the Balearic Government) - Consell Insular de Mallorca (Island Ministry of Majorca) - Consell Insular d'Eivissa (Island Ministry of Ibiza) - Ayuntamientos de las Islas (Town Halls of the different islands)</subfield>
      </datafield>
   </record>