
   <record>
      <leader>00000nz  a2200000nc 4500</leader>
      <controlfield tag="001">institutions/30079652</controlfield>
      <controlfield tag="003">DE-633</controlfield>
      <controlfield tag="005">20250620052125.0</controlfield>
      <controlfield tag="008">161109||||z|||a|||||||||||||||||n||||||d</controlfield>
      <datafield tag="024" ind1="7" ind2=" ">
         <subfield code="a">2023159035191701380009</subfield>
         <subfield code="2">VIAF</subfield>
      </datafield>
      <datafield tag="024" ind1="7" ind2=" ">
         <subfield code="a">Q64691915</subfield>
         <subfield code="2">WKP</subfield>
      </datafield>
      <datafield tag="024" ind1="7" ind2=" ">
         <subfield code="a">E-PAcm</subfield>
         <subfield code="q">siglum</subfield>
         <subfield code="2">rism</subfield>
      </datafield>
      <datafield tag="034" ind1="1" ind2=" ">
         <subfield code="d">2.6663716964821638</subfield>
         <subfield code="f">39.56783373333598</subfield>
      </datafield>
      <datafield tag="040" ind1=" " ind2=" ">
         <subfield code="a">DE-633</subfield>
         <subfield code="c">DE-633</subfield>
         <subfield code="e">rismg</subfield>
      </datafield>
      <datafield tag="043" ind1=" " ind2=" ">
         <subfield code="c">XA-ES</subfield>
      </datafield>
      <datafield tag="110" ind1="1" ind2=" ">
         <subfield code="a">Arxiu General del Consell de Mallorca (AGCM)</subfield>
         <subfield code="c">Palma</subfield>
         <subfield code="g">E-PAcm</subfield>
      </datafield>
      <datafield tag="368" ind1=" " ind2=" ">
         <subfield code="a">Institution</subfield>
         <subfield code="a">Archive</subfield>
         <subfield code="a">Library</subfield>
      </datafield>
      <datafield tag="371" ind1=" " ind2=" ">
         <subfield code="a">C/ de la Ciutat de Querétaro, 3</subfield>
         <subfield code="b">Palma</subfield>
         <subfield code="c">Illes Balears / Islas Baleares</subfield>
         <subfield code="d">Spain</subfield>
         <subfield code="e">07007</subfield>
         <subfield code="m">arxius@conselldemallorca.net</subfield>
         <subfield code="u">https://www.conselldemallorca.es/arxiu-general</subfield>
         <subfield code="z">tel: +34 / 971 219 550</subfield>
      </datafield>
      <datafield tag="410" ind1=" " ind2=" ">
         <subfield code="a">Archivo General del Consejo de Mallorca</subfield>
      </datafield>
      <datafield tag="551" ind1="1" ind2=" ">
         <subfield code="a">Palma</subfield>
         <subfield code="0">places/50019014</subfield>
      </datafield>
      <datafield tag="680" ind1="1" ind2=" ">
         <subfield code="a">Includes a collection of musical scores of the 20th century. The archive acquires the entire musical production published in Mallorca, both local and outside artists, as well as the production published abroad with the sole limitation of having a direct or indirect relationship with the island. It also has phonographic collections, mainly of musical character.</subfield>
      </datafield>
   </record>