
   <record>
      <leader>00000nz  a2200000nc 4500</leader>
      <controlfield tag="001">institutions/30079611</controlfield>
      <controlfield tag="003">DE-633</controlfield>
      <controlfield tag="005">20250620052125.0</controlfield>
      <controlfield tag="008">161109||||z|||a|||||||||||||||||n||||||d</controlfield>
      <datafield tag="024" ind1="7" ind2=" ">
         <subfield code="a">E-PLF</subfield>
         <subfield code="q">siglum</subfield>
         <subfield code="2">rism</subfield>
      </datafield>
      <datafield tag="040" ind1=" " ind2=" ">
         <subfield code="a">DE-633</subfield>
         <subfield code="c">DE-633</subfield>
         <subfield code="e">rismg</subfield>
      </datafield>
      <datafield tag="043" ind1=" " ind2=" ">
         <subfield code="c">XA-ES</subfield>
      </datafield>
      <datafield tag="110" ind1="2" ind2=" ">
         <subfield code="a">Fundació Ernest Morató</subfield>
         <subfield code="c">Palafrugell</subfield>
         <subfield code="g">E-PLF</subfield>
      </datafield>
      <datafield tag="368" ind1=" " ind2=" ">
         <subfield code="a">Institution</subfield>
      </datafield>
      <datafield tag="368" ind1=" " ind2=" ">
         <subfield code="a">Library</subfield>
      </datafield>
      <datafield tag="371" ind1=" " ind2=" ">
         <subfield code="a">Fundació Ernest Morató, Can Roses, Pza. de l'Església, 8  1º, 17200 Palafrugell, Spain</subfield>
         <subfield code="u">http://www.fundacioem.com/ca/</subfield>
      </datafield>
      <datafield tag="551" ind1=" " ind2=" ">
         <subfield code="a">Palafrugell</subfield>
         <subfield code="0">places/3905550</subfield>
      </datafield>
      <datafield tag="680" ind1=" " ind2=" ">
         <subfield code="a">In addition to a library on the origin of the habanera, his arrival in Catalonia and Catalonia migration - Cuba. It has a collection of books, posters and photographs. It also has:  - 7,795 recordings support CD, cassette and vinyl.  - 4,900 scores and havaneras lyrics, drinking song and seafaring song.  - Fondo del maestro José Luis Ortega Monasterio (Maestro Jose Luis Ortega-Monasterio collection). - Fondo del maestro Salvador Dabau (Maestro Salvador Dabau collection). - Fondo Antònia Vilàs (Antònia Vilàs collection).</subfield>
      </datafield>
   </record>