
   <record>
      <leader>00000nz  a2200000nc 4500</leader>
      <controlfield tag="001">institutions/30079649</controlfield>
      <controlfield tag="003">DE-633</controlfield>
      <controlfield tag="005">20250620052125.0</controlfield>
      <controlfield tag="008">161109||||z|||a|||||||||||||||||n||||||d</controlfield>
      <datafield tag="024" ind1="7" ind2=" ">
         <subfield code="a">E-POm</subfield>
         <subfield code="q">siglum</subfield>
         <subfield code="2">rism</subfield>
      </datafield>
      <datafield tag="040" ind1=" " ind2=" ">
         <subfield code="a">DE-633</subfield>
         <subfield code="c">DE-633</subfield>
         <subfield code="e">rismg</subfield>
      </datafield>
      <datafield tag="043" ind1=" " ind2=" ">
         <subfield code="c">XA-ES</subfield>
      </datafield>
      <datafield tag="110" ind1="2" ind2=" ">
         <subfield code="a">Museo de Pontevedra. Arquivo Musical</subfield>
         <subfield code="c">Pontevedra</subfield>
         <subfield code="g">E-POm</subfield>
      </datafield>
      <datafield tag="368" ind1=" " ind2=" ">
         <subfield code="a">Institution</subfield>
      </datafield>
      <datafield tag="368" ind1=" " ind2=" ">
         <subfield code="a">Library</subfield>
      </datafield>
      <datafield tag="371" ind1=" " ind2=" ">
         <subfield code="a">Museo de Pontevedra. Arquivo Musical, c/ Pasantería, 2–12, 36002  Pontevedra, Spain</subfield>
         <subfield code="u">http://www.museo.depo.es/</subfield>
      </datafield>
      <datafield tag="551" ind1=" " ind2=" ">
         <subfield code="a">Pontevedra</subfield>
         <subfield code="0">places/3905562</subfield>
      </datafield>
      <datafield tag="680" ind1=" " ind2=" ">
         <subfield code="a">It consists of old records, cassettes and scores, noting especially the popular and regional issues. Special pieces, the set of almost 50 choir books of the 17th and 18th centuries.  It has a collection of folk instruments.  Collections:  - Perfecto Feijoo - Iglesias Vilarelle - Manuel Quiroga - Casto Sampedro</subfield>
      </datafield>
   </record>