
   <record>
      <leader>00000nz  a2200000nc 4500</leader>
      <controlfield tag="001">institutions/30005486</controlfield>
      <controlfield tag="003">DE-633</controlfield>
      <controlfield tag="005">20250620052039.0</controlfield>
      <controlfield tag="008">161109||||z|||a|||||||||||||||||n||||||d</controlfield>
      <datafield tag="024" ind1="7" ind2=" ">
         <subfield code="a">E-RE</subfield>
         <subfield code="q">siglum</subfield>
         <subfield code="2">rism</subfield>
      </datafield>
      <datafield tag="040" ind1=" " ind2=" ">
         <subfield code="a">DE-633</subfield>
         <subfield code="c">DE-633</subfield>
         <subfield code="e">rismg</subfield>
      </datafield>
      <datafield tag="043" ind1=" " ind2=" ">
         <subfield code="c">XA-ES</subfield>
      </datafield>
      <datafield tag="110" ind1="2" ind2=" ">
         <subfield code="a">ERESBIL - Musikaren Euskal Artxiboa</subfield>
         <subfield code="c">Rentería</subfield>
         <subfield code="g">E-RE</subfield>
      </datafield>
      <datafield tag="368" ind1=" " ind2=" ">
         <subfield code="a">Library</subfield>
      </datafield>
      <datafield tag="368" ind1=" " ind2=" ">
         <subfield code="a">Institution</subfield>
      </datafield>
      <datafield tag="371" ind1=" " ind2=" ">
         <subfield code="a">ERESBIL - Musikaren Euskal Artxiboa, c/ Alfonso XI, 2, 20100 Rentería, Spain</subfield>
         <subfield code="u">http://www.eresbil.com/</subfield>
      </datafield>
      <datafield tag="410" ind1="2" ind2=" ">
         <subfield code="a">ERESBIL - Archivo Vasco de la Música</subfield>
      </datafield>
      <datafield tag="410" ind1="2" ind2=" ">
         <subfield code="a">ERESBIL - Basque Archives of Music</subfield>
      </datafield>
      <datafield tag="551" ind1=" " ind2=" ">
         <subfield code="a">Rentería</subfield>
         <subfield code="0">places/3904535</subfield>
      </datafield>
      <datafield tag="680" ind1=" " ind2=" ">
         <subfield code="a">Alberga fondos documentales, archivos y bibliotecas personales, así como fondos institucionales relacionados con compositores vasco - navarros. Cuenta con una biblioteca y un archivo sonoro con toda la producción musical editada en el País Vasco, así como la relativa a intérpretes vascos. Recopila además otro tipo de materiales como: artículos, recortes de prensa, epistolario, informes, carteles, programas, fotografías e iconografía. Custodia más de 150 fondos, que se hallan descritos y publicados en la Revista Musiker. Fondos: - Norberto Almandoz - Coro Maitea - Beltrán Pagola - Bonifacio Iturriza - José Uruñuela - José Olaizola - Victoriano Juaristi - Valentín Larrea - J.R. Candalup - Goizaldi Dantza Taldea - Francisco Madina - Manuel Labiaga - Jose María González Bastida - Thyra Ekwall de Ullman - Dolores Baranda Zaballa - Agustín Urteaga - Ramón Usandizaga - José Maria Zapirain - Pilar Michelena - Col. discos - F. Abrisqueta - Convento de M.M. Agustinas - Jesús Guridi - Coro Begiraleak - César Figuerido - Fermín Sainz - José de Azpiazu - Benedicto Totorricagüena - Dolores Malumbres - Luis Urteaga - Banda Municipal de Txistularis de San Sebastián - Buenaventura Zapirain - Schola cantorum "Santa Cecilia" - Félix Sistiaga - Pedro José Iguain Tellería - Orfeón Renteriano-Jesús Querejeta - Enrique González Arroitajauregui - Román y Carlos Bereciartua - Sabino Ruiz Jalón - Gabriel Verkos - Orfeón Prisión Central Astorga - Comp. De María – Colegio del Pilar - José Rada Sereno - Tomás Mujica Gaztañaga - José I. Eguia - Nicanor Zabaleta - Eusko Ikaskuntza - Faustino Arregui - José Maria Usandizaga - Manuel Arizmendi - Orfeón Pizkunde - Imanol Olaizola - Fonoteca de Radio San Sebastián - Bruno Imaz - Gregorio Mendivil - Col. Cilindros Familia Ibarra - José Maria Olaizola Azcue - Regino Sorozabal - Angel Inaraja - Mª Aurelia Dauga Sainz - Orfeón Donostiarra - Babil Echarri - Javier Elzo - José Ignacio Ansorena - Euskalerriko Txistularien Elkaretea - Saski-Naski - Pedro Ugalde - RNE-Fonoteca emisora San Sebastían - Jose León Urreta - Juan Pérez Heredero - Xoan Manuel Carreira - José Mendizabal - Ramón Olazarán de Estella - Ramón Muguruza - José Ignacio Urdampilleta - A. Díaz y Compañía - Pío Artola - Banda Iru Txulo - José Luis Gurruchaga Oliden - Quincena Musical La Salle - Faustino Sarasola Lizarribar - José Mª Arregui - Manuel Olive Sans - Guillermo Lazcano - Gelasio / Coral Sine Nomine Aramburu - Nekane Lasarte - Eusko Abesbatza - Luis Mallea - Mirentxu Zabalbeascoa - Angel Arsuaga - Angel Etxebarria Etxebarria - Familia Urreta - P. Donostia - Aquilino Zudaire Galdeano - Luchy Mancisidor - Colección Leniz - Juan José Beristaín - Esculas Elizarán - Schola Cantorum Ntra. Sra. Del Coro - Escolanía Felipe Gorriti - Familia Uribesalgo - Ladislao Etxeberria - Gotzon Aulestia - Luis de Aramburu - Ángel Aramburu - Felix Madinabeitia - Teresa Barrena - Elías Elorza - Francisco Escudero - Yon Oñatibia - Mocoroa Sendia - Valentín Zubiaurre - EITB Bilduma - Santa Katalina Agustinen Komentua - Inocencio Gaztelumendi - Familia Mugartegui - Agrupación Gutarrística Donostiarra - Jose Antonio Arana-Martija - Mª Luisa Ozaita - Elías San Millán - Fondo Javier Solaun - Coral Andra Mari (Errenteria) - Esteban Elizondo - Ana Leonet Arrate - José Urquijo Respaldiza - Alfonso Ugarte - Fermín Muñoz - Alfredo Donnay - Ángel Gete - Rodrigo A. de Santiago - Familia Ganzarain - Antonio Gonzalo Esnal</subfield>
      </datafield>
   </record>