
   <record>
      <leader>00000nz  a2200000nc 4500</leader>
      <controlfield tag="001">institutions/30080189</controlfield>
      <controlfield tag="003">DE-633</controlfield>
      <controlfield tag="005">20250620052129.0</controlfield>
      <controlfield tag="008">161109||||z|||a|||||||||||||||||n||||||d</controlfield>
      <datafield tag="024" ind1="7" ind2=" ">
         <subfield code="a">E-REQ</subfield>
         <subfield code="q">siglum</subfield>
         <subfield code="2">rism</subfield>
      </datafield>
      <datafield tag="040" ind1=" " ind2=" ">
         <subfield code="a">DE-633</subfield>
         <subfield code="c">DE-633</subfield>
         <subfield code="e">rismg</subfield>
      </datafield>
      <datafield tag="043" ind1=" " ind2=" ">
         <subfield code="c">XA-ES</subfield>
      </datafield>
      <datafield tag="110" ind1="2" ind2=" ">
         <subfield code="a">Archivo Municipal de Requena. Archivo sonoro Fermín Pardo</subfield>
         <subfield code="c">Requena</subfield>
         <subfield code="g">E-REQ</subfield>
      </datafield>
      <datafield tag="368" ind1=" " ind2=" ">
         <subfield code="a">Institution</subfield>
      </datafield>
      <datafield tag="368" ind1=" " ind2=" ">
         <subfield code="a">Library</subfield>
      </datafield>
      <datafield tag="371" ind1=" " ind2=" ">
         <subfield code="a">Archivo Municipal de Requena. Archivo,  sonoro Fermín Pardo, Casa de Santa Teresa, c/ Santa María, 24, 46340 Requena, Spain</subfield>
         <subfield code="u">http://www.bibliotecaspublicas.es/requena/</subfield>
      </datafield>
      <datafield tag="551" ind1=" " ind2=" ">
         <subfield code="a">Requena</subfield>
         <subfield code="0">places/3905650</subfield>
      </datafield>
      <datafield tag="680" ind1=" " ind2=" ">
         <subfield code="a">Alberga el archivo sonoro de música y literatura popular Fermín Pardo, compuesto por 325 cintas de casetes con grabaciones originales de unas 11.700 piezas de música tradicional, correspondiente a 322 poblaciones distribuidas entre el Campo de Requena y las provincias de Albacete, Alicante, Castellón, Cuenca y Valencia fundamentalmente. En 2014 este archivo está en fase de digitalización y puesta en línea.</subfield>
      </datafield>
   </record>