
   <record>
      <leader>00000nz  a2200000nc 4500</leader>
      <controlfield tag="001">institutions/30079612</controlfield>
      <controlfield tag="003">DE-633</controlfield>
      <controlfield tag="005">20250620052125.0</controlfield>
      <controlfield tag="008">161109||||z|||a|||||||||||||||||n||||||d</controlfield>
      <datafield tag="024" ind1="7" ind2=" ">
         <subfield code="a">E-REUac</subfield>
         <subfield code="q">siglum</subfield>
         <subfield code="2">rism</subfield>
      </datafield>
      <datafield tag="040" ind1=" " ind2=" ">
         <subfield code="a">DE-633</subfield>
         <subfield code="c">DE-633</subfield>
         <subfield code="e">rismg</subfield>
      </datafield>
      <datafield tag="043" ind1=" " ind2=" ">
         <subfield code="c">XA-ES</subfield>
      </datafield>
      <datafield tag="110" ind1="2" ind2=" ">
         <subfield code="a">Arxiu Comarcal del Baix Camp</subfield>
         <subfield code="c">Reus</subfield>
         <subfield code="g">E-REUac</subfield>
      </datafield>
      <datafield tag="368" ind1=" " ind2=" ">
         <subfield code="a">Institution</subfield>
      </datafield>
      <datafield tag="368" ind1=" " ind2=" ">
         <subfield code="a">Library</subfield>
      </datafield>
      <datafield tag="371" ind1=" " ind2=" ">
         <subfield code="a">Arxiu Comarcal del Baix Camp, c/ Sant Antoni Maria Claret, 3, 43204  Reus, Spain</subfield>
         <subfield code="u">http://cultura.gencat.net/arxius/fitxa.asp?municipi=0&amp;comarca=08&amp;ARXIUS=comarcals&amp;</subfield>
      </datafield>
      <datafield tag="551" ind1=" " ind2=" ">
         <subfield code="a">Reus</subfield>
         <subfield code="0">places/3012604</subfield>
      </datafield>
      <datafield tag="680" ind1=" " ind2=" ">
         <subfield code="a">Keeps these holdings: - Fondo Josep Guix i Lladó - Fondo Fructuós Piqué Salvat - Fondo Francesc Tous Aulès - Collection of sound documents. 20th century.  - Enric Prat's collection of gozos, 18th to 20th century</subfield>
      </datafield>
   </record>