
   <record>
      <leader>00000nz  a2200000nc 4500</leader>
      <controlfield tag="001">institutions/30079062</controlfield>
      <controlfield tag="003">DE-633</controlfield>
      <controlfield tag="005">20250620052121.0</controlfield>
      <controlfield tag="008">161109||||z|||a|||||||||||||||||n||||||d</controlfield>
      <datafield tag="024" ind1="7" ind2=" ">
         <subfield code="a">E-RI</subfield>
         <subfield code="q">siglum</subfield>
         <subfield code="2">rism</subfield>
      </datafield>
      <datafield tag="040" ind1=" " ind2=" ">
         <subfield code="a">DE-633</subfield>
         <subfield code="c">DE-633</subfield>
         <subfield code="e">rismg</subfield>
      </datafield>
      <datafield tag="043" ind1=" " ind2=" ">
         <subfield code="c">XA-ES</subfield>
      </datafield>
      <datafield tag="110" ind1="2" ind2=" ">
         <subfield code="a">Arxiu Comarcal del Ripollès (ACRI)</subfield>
         <subfield code="c">Ripoll</subfield>
         <subfield code="g">E-RI</subfield>
      </datafield>
      <datafield tag="368" ind1=" " ind2=" ">
         <subfield code="a">Library</subfield>
      </datafield>
      <datafield tag="368" ind1=" " ind2=" ">
         <subfield code="a">Institution</subfield>
      </datafield>
      <datafield tag="371" ind1=" " ind2=" ">
         <subfield code="a">Arxiu Comarcal del Ripollès (ACRI), Hospital Vell, Raval de l’Hospital, 1, 17500 Ripoll, Spain</subfield>
         <subfield code="u">http://www.arxiucomarcalderipoll.org</subfield>
      </datafield>
      <datafield tag="410" ind1="2" ind2=" ">
         <subfield code="a">Arxiu Museu</subfield>
      </datafield>
      <datafield tag="410" ind1="2" ind2=" ">
         <subfield code="a">Archivo Comarcal del Ripollès</subfield>
      </datafield>
      <datafield tag="551" ind1=" " ind2=" ">
         <subfield code="a">Ripoll</subfield>
         <subfield code="0">places/3905459</subfield>
      </datafield>
      <datafield tag="680" ind1=" " ind2=" ">
         <subfield code="a">Su misión principal es la de preservar, conservar y difundir la documentación de las instituciones del Ripollès y de otros organismos, públicos o privados, de interés histórico o cultural de la comarca Fondos y colecciones: - Foment de la Sardana - Orfeó de Ripoll - La Flor de Maig - Sociedad Filarmónica de Ripoll - Associació Dansa dels Clavells - Damià Torrents i Coll - Josep Maideu i Auquet - Manuel Cavaleria de Budallés - Cassià Casademunt i Busquets - Honorat Vilamanyà i Serrat - Colección genérica de partituras - Cançoner del Ripollès</subfield>
      </datafield>
   </record>