
   <record>
      <leader>00000nz  a2200000nc 4500</leader>
      <controlfield tag="001">institutions/30006188</controlfield>
      <controlfield tag="003">DE-633</controlfield>
      <controlfield tag="005">20250620052045.0</controlfield>
      <controlfield tag="008">161109||||z|||a|||||||||||||||||n||||||d</controlfield>
      <datafield tag="024" ind1="7" ind2=" ">
         <subfield code="a">E-ROrc</subfield>
         <subfield code="q">siglum</subfield>
         <subfield code="2">rism</subfield>
      </datafield>
      <datafield tag="040" ind1=" " ind2=" ">
         <subfield code="a">DE-633</subfield>
         <subfield code="c">DE-633</subfield>
         <subfield code="e">rismg</subfield>
      </datafield>
      <datafield tag="043" ind1=" " ind2=" ">
         <subfield code="c">XA-ES</subfield>
      </datafield>
      <datafield tag="110" ind1="1" ind2=" ">
         <subfield code="a">Biblioteca y Museo de Roncesvalles</subfield>
         <subfield code="c">Roncesvalles</subfield>
         <subfield code="g">E-ROrc</subfield>
      </datafield>
      <datafield tag="368" ind1=" " ind2=" ">
         <subfield code="a">Library</subfield>
      </datafield>
      <datafield tag="368" ind1=" " ind2=" ">
         <subfield code="a">Institution</subfield>
      </datafield>
      <datafield tag="371" ind1=" " ind2=" ">
         <subfield code="a">Biblioteca y Museo de Roncesvalles, Real Colegiata Santa María de,  Roncesvalles, 31650 Orreaga - Roncesvalles, Spain</subfield>
         <subfield code="u">http://www.roncesvalles.es/</subfield>
      </datafield>
      <datafield tag="410" ind1=" " ind2=" ">
         <subfield code="a">Real Colegiata Santa María de Roncesvalles</subfield>
      </datafield>
      <datafield tag="410" ind1=" " ind2=" ">
         <subfield code="a">Real Colegiata, Archivo</subfield>
      </datafield>
      <datafield tag="551" ind1="1" ind2=" ">
         <subfield code="a">Roncesvalles</subfield>
         <subfield code="0">places/3903689</subfield>
      </datafield>
      <datafield tag="680" ind1="1" ind2=" ">
         <subfield code="a">Los fondos musicales de la Colegiata están distribuidos de la siguiente manera: Archivo: aquí se encuentra el mayor número de obras, se trata de cuadernos y papeles sueltos. Hay fragmentos manuscritos en pergamino con notación aquitana. Biblioteca: contiene los cantorales y libros de polifonía, son 38 en total, todos ellos con obras polifónicas y canto gregoriano u obras sobre canto gregoriano. Museo: se encuentran dos cantorales y un Evangeliario del s. XIII. La mayoría de los fondos son obras religiosas, con un predominio de la música vocal; del total de las 884 composiciones, solamente 25 son instrumentales, en su mayor parte manuscritos, conservándose 31 obras impresas. En su mayoría, las obras están datadas entre los siglos XVI y XVIII.</subfield>
      </datafield>
   </record>