
   <record>
      <leader>00000nz  a2200000nc 4500</leader>
      <controlfield tag="001">institutions/30001394</controlfield>
      <controlfield tag="003">DE-633</controlfield>
      <controlfield tag="005">20250620052004.0</controlfield>
      <controlfield tag="008">161109||||z|||a|||||||||||||||||n||||||d</controlfield>
      <datafield tag="024" ind1="7" ind2=" ">
         <subfield code="a">E-SA</subfield>
         <subfield code="q">siglum</subfield>
         <subfield code="2">rism</subfield>
      </datafield>
      <datafield tag="040" ind1=" " ind2=" ">
         <subfield code="a">DE-633</subfield>
         <subfield code="c">DE-633</subfield>
         <subfield code="e">rismg</subfield>
      </datafield>
      <datafield tag="043" ind1=" " ind2=" ">
         <subfield code="c">XA-ES</subfield>
      </datafield>
      <datafield tag="110" ind1="2" ind2=" ">
         <subfield code="a">Archivo y Biblioteca de la Catedral de Salamanca</subfield>
         <subfield code="c">Salamanca</subfield>
         <subfield code="g">E-SA</subfield>
      </datafield>
      <datafield tag="368" ind1=" " ind2=" ">
         <subfield code="a">Library</subfield>
      </datafield>
      <datafield tag="368" ind1=" " ind2=" ">
         <subfield code="a">Institution</subfield>
      </datafield>
      <datafield tag="371" ind1=" " ind2=" ">
         <subfield code="a">Archivo y Biblioteca de la Catedral de,  Salamanca, Catedral Vieja, c/ Plá y Deniel, s/n, 37008 Salamanca, Spain</subfield>
         <subfield code="u">http://www.catedralsalamanca.org/musica.htm</subfield>
      </datafield>
      <datafield tag="410" ind1="2" ind2=" ">
         <subfield code="a">Catedral, Archivo Musical</subfield>
      </datafield>
      <datafield tag="551" ind1=" " ind2=" ">
         <subfield code="a">Salamanca</subfield>
         <subfield code="0">places/3900240</subfield>
      </datafield>
      <datafield tag="667" ind1=" " ind2=" ">
         <subfield code="a">Published sources: 301</subfield>
      </datafield>
      <datafield tag="680" ind1=" " ind2=" ">
         <subfield code="a">El fondo musical está formado por libros de facistol (cantorales de gregoriano y libros de polifonía) y “música a papeles” (pliegos y cuadernillos que contienen partituras y particellas). En esta documentación figuran autores tan destacados como Tomás Luis de Victoria, del que se conserva un ejemplar del Missarum libri duo (1583), Antonio de Yanguas o Manuel Doyagüe. También guarda uno de los más extraordinarios conjuntos de instrumentos aerófonos renacentistas (orlos, chirimías y bombardas), un oboe y un bajón barrocos y 2 trompas del siglo XIX. Posteriormente, se han encontrado otros 3 instrumentos, muy deteriorados, y que están aún por estudiar, restaurar y catalogar. Se trata de un arpa, una trompa marina y una chirimía bajo. Por otra parte, expuesto en la propia catedral, se encuentra el realejo de Francisco Salinas. La intensa actividad musical que aquí se desarrolló nos ha legado también 76 cantorales de gregoriano, 13 libros de polifonía y más de 3.000 partituras de los siglos XVII, XVIII y XIX. Además contiene los fondos: - José Artero - Constancio Palomo - Gerardo Martín Peña</subfield>
      </datafield>
   </record>