
   <record>
      <leader>00000nz  a2200000nc 4500</leader>
      <controlfield tag="001">institutions/30079063</controlfield>
      <controlfield tag="003">DE-633</controlfield>
      <controlfield tag="005">20250620052121.0</controlfield>
      <controlfield tag="008">161109||||z|||a|||||||||||||||||n||||||d</controlfield>
      <datafield tag="024" ind1="7" ind2=" ">
         <subfield code="a">E-SAB</subfield>
         <subfield code="q">siglum</subfield>
         <subfield code="2">rism</subfield>
      </datafield>
      <datafield tag="040" ind1=" " ind2=" ">
         <subfield code="a">DE-633</subfield>
         <subfield code="c">DE-633</subfield>
         <subfield code="e">rismg</subfield>
      </datafield>
      <datafield tag="043" ind1=" " ind2=" ">
         <subfield code="c">XA-ES</subfield>
      </datafield>
      <datafield tag="110" ind1="2" ind2=" ">
         <subfield code="a">Arxiu Històric Municipal de Sabadell</subfield>
         <subfield code="c">Sabadell</subfield>
         <subfield code="g">E-SAB</subfield>
      </datafield>
      <datafield tag="368" ind1=" " ind2=" ">
         <subfield code="a">Institution</subfield>
      </datafield>
      <datafield tag="368" ind1=" " ind2=" ">
         <subfield code="a">Library</subfield>
      </datafield>
      <datafield tag="371" ind1=" " ind2=" ">
         <subfield code="a">Arxiu Històric Municipal de Sabadell, Indústria, 32-34, 08202 Sabadell, Spain</subfield>
         <subfield code="u">http://ca.sabadell.cat/ahs/p/portada_cat.asp</subfield>
      </datafield>
      <datafield tag="410" ind1="2" ind2=" ">
         <subfield code="a">Archivo Histórico Municipal de Sabadell</subfield>
      </datafield>
      <datafield tag="551" ind1=" " ind2=" ">
         <subfield code="a">Sabadell</subfield>
         <subfield code="0">places/3905460</subfield>
      </datafield>
      <datafield tag="680" ind1=" " ind2=" ">
         <subfield code="a">Collections and holdings: - Fondo patrimonial de Ramon Casajoana i Casajoana (Ramon Casajoana-Casajoana private heritage) - Fondo patrimonial de Josep Masllovet i Sanmiquel - Fondo patrimonial de "Els fatxendes" - Fondo patrimonial d'Antonio Massó i Bes - Agrupación Sindical de Músicos Españoles (Spanish Association of Musicians Union) - Comissió de corals Pro Monument al mestre Josep Olivella (Chorus Commission for the Monument to Maestro Josep Olivella) - Orquestra Fatxendes (Fatxendes orchestra) - Societat Coral Recreativa El Ciervo (Choral Leisure Association "The Stag")</subfield>
      </datafield>
   </record>