
   <record>
      <leader>00000nz  a2200000nc 4500</leader>
      <controlfield tag="001">institutions/30080768</controlfield>
      <controlfield tag="003">DE-633</controlfield>
      <controlfield tag="005">20250620052133.0</controlfield>
      <controlfield tag="008">161109||||z|||a|||||||||||||||||n||||||d</controlfield>
      <datafield tag="024" ind1="7" ind2=" ">
         <subfield code="a">E-SANfb</subfield>
         <subfield code="q">siglum</subfield>
         <subfield code="2">rism</subfield>
      </datafield>
      <datafield tag="034" ind1="2" ind2=" ">
         <subfield code="d">-3.803500</subfield>
         <subfield code="f">43.463259</subfield>
      </datafield>
      <datafield tag="040" ind1=" " ind2=" ">
         <subfield code="a">DE-633</subfield>
         <subfield code="c">DE-633</subfield>
         <subfield code="e">rismg</subfield>
      </datafield>
      <datafield tag="043" ind1=" " ind2=" ">
         <subfield code="c">XA-ES</subfield>
      </datafield>
      <datafield tag="110" ind1="2" ind2=" ">
         <subfield code="a">Biblioteca de la Fundación Botín</subfield>
         <subfield code="c">Santander</subfield>
         <subfield code="g">E-SANfb</subfield>
      </datafield>
      <datafield tag="368" ind1=" " ind2=" ">
         <subfield code="a">Institution</subfield>
      </datafield>
      <datafield tag="368" ind1=" " ind2=" ">
         <subfield code="a">Library</subfield>
      </datafield>
      <datafield tag="371" ind1=" " ind2=" ">
         <subfield code="a">Biblioteca de la Fundación Botín, Calle Pedrueca, 1, 39003 Santander, Spain</subfield>
         <subfield code="u">http://www.fundacionbotin.org/publications/botin-foundation-library.html</subfield>
      </datafield>
      <datafield tag="551" ind1=" " ind2=" ">
         <subfield code="a">Santander</subfield>
         <subfield code="0">places/3903776</subfield>
      </datafield>
      <datafield tag="680" ind1=" " ind2=" ">
         <subfield code="a">It has 7,300 documents, including books, articles, manuscripts and printed scores, sound recordings and correspondence. Its catalog can be consulted online. Holdings: -Arturo Duo Vital (322 autograph scores). -Miguel Ángel Samperio (407 documents). -Eustaquio Gurruchaga (267 documents). -Antonio Gorostiaga (57 documents). -Sixto Cordova y Oña (455 documents). -Jose Lucio Mediavilla (163 documents). -Private library and personal archive of Federico Sopena (5,619 documents).</subfield>
      </datafield>
   </record>