
   <record>
      <leader>00000nz  a2200000nc 4500</leader>
      <controlfield tag="001">institutions/30006222</controlfield>
      <controlfield tag="003">DE-633</controlfield>
      <controlfield tag="005">20250620052046.0</controlfield>
      <controlfield tag="008">161109||||z|||a|||||||||||||||||n||||||d</controlfield>
      <datafield tag="024" ind1="7" ind2=" ">
         <subfield code="a">E-SAc</subfield>
         <subfield code="q">siglum</subfield>
         <subfield code="2">rism</subfield>
      </datafield>
      <datafield tag="040" ind1=" " ind2=" ">
         <subfield code="a">DE-633</subfield>
         <subfield code="c">DE-633</subfield>
         <subfield code="e">rismg</subfield>
      </datafield>
      <datafield tag="043" ind1=" " ind2=" ">
         <subfield code="c">XA-ES</subfield>
      </datafield>
      <datafield tag="110" ind1="2" ind2=" ">
         <subfield code="a">Biblioteca del Conservatorio Superior de Música de Salamanca</subfield>
         <subfield code="c">Salamanca</subfield>
         <subfield code="g">E-SAc</subfield>
      </datafield>
      <datafield tag="368" ind1=" " ind2=" ">
         <subfield code="a">Institution</subfield>
      </datafield>
      <datafield tag="368" ind1=" " ind2=" ">
         <subfield code="a">Library</subfield>
      </datafield>
      <datafield tag="371" ind1=" " ind2=" ">
         <subfield code="a">Biblioteca del Conservatorio Superior de,  Música de Salamanca, c/ Lazarillo de Tormes 54-70, 37005 Salamanca, Spain</subfield>
         <subfield code="u">http://www.coscyl.com/</subfield>
      </datafield>
      <datafield tag="551" ind1=" " ind2=" ">
         <subfield code="a">Salamanca</subfield>
         <subfield code="0">places/3900240</subfield>
      </datafield>
      <datafield tag="680" ind1=" " ind2=" ">
         <subfield code="a">Entre sus fondos cuenta con el Liber Primus Missarum, de Alonso Lobo de Borja, publicado por la Tipografía Regia de Madrid en 1602; contiene seis misas, cinco motetes y dos antífonas. De las 130 copias que originalmente se hicieron del libro, en la actualidad solo se tiene constancia de la existencia de 19 ejemplares, el del conservatorio ha sido restaurado recientemente.</subfield>
      </datafield>
   </record>