
   <record>
      <leader>00000nz  a2200000nc 4500</leader>
      <controlfield tag="001">institutions/30079593</controlfield>
      <controlfield tag="003">DE-633</controlfield>
      <controlfield tag="005">20250620052125.0</controlfield>
      <controlfield tag="008">161109||||z|||a|||||||||||||||||n||||||d</controlfield>
      <datafield tag="024" ind1="7" ind2=" ">
         <subfield code="a">168220305</subfield>
         <subfield code="2">VIAF</subfield>
      </datafield>
      <datafield tag="024" ind1="7" ind2=" ">
         <subfield code="a">Q8343596</subfield>
         <subfield code="2">WKP</subfield>
      </datafield>
      <datafield tag="024" ind1="7" ind2=" ">
         <subfield code="a">E-SAmh</subfield>
         <subfield code="q">siglum</subfield>
         <subfield code="2">rism</subfield>
      </datafield>
      <datafield tag="034" ind1="1" ind2=" ">
         <subfield code="d">-5.667388562285028</subfield>
         <subfield code="f">40.959631863908</subfield>
      </datafield>
      <datafield tag="040" ind1=" " ind2=" ">
         <subfield code="a">DE-633</subfield>
         <subfield code="c">DE-633</subfield>
         <subfield code="e">rismg</subfield>
      </datafield>
      <datafield tag="043" ind1=" " ind2=" ">
         <subfield code="c">XA-ES</subfield>
      </datafield>
      <datafield tag="110" ind1="1" ind2=" ">
         <subfield code="a">Centro Documental de la Memoria Histórica</subfield>
         <subfield code="c">Salamanca</subfield>
         <subfield code="g">E-SAmh</subfield>
      </datafield>
      <datafield tag="368" ind1=" " ind2=" ">
         <subfield code="a">Institution</subfield>
         <subfield code="a">Library</subfield>
         <subfield code="a">Documentation center</subfield>
      </datafield>
      <datafield tag="371" ind1=" " ind2=" ">
         <subfield code="a">c/ Gibraltar, 2</subfield>
         <subfield code="b">Salamanca</subfield>
         <subfield code="c">Castilla y León</subfield>
         <subfield code="d">Spain</subfield>
         <subfield code="e">37008</subfield>
         <subfield code="m">cdmh@cultura.gob.es</subfield>
         <subfield code="u">https://www.cultura.gob.es/cultura/areas/archivos/mc/archivos/cdmh/portada.html</subfield>
         <subfield code="z">tel: +34 / 92 321 28 45</subfield>
      </datafield>
      <datafield tag="551" ind1="1" ind2=" ">
         <subfield code="a">Salamanca</subfield>
         <subfield code="0">places/3900240</subfield>
      </datafield>
      <datafield tag="680" ind1="1" ind2=" ">
         <subfield code="a">With an extensive collection of discs and scores related to the Spanish Civil War (1936-1939)</subfield>
      </datafield>
   </record>