
   <record>
      <leader>00000nz  a2200000nc 4500</leader>
      <controlfield tag="001">institutions/30002958</controlfield>
      <controlfield tag="003">DE-633</controlfield>
      <controlfield tag="005">20250620052017.0</controlfield>
      <controlfield tag="008">161109||||z|||a|||||||||||||||||n||||||d</controlfield>
      <datafield tag="024" ind1="7" ind2=" ">
         <subfield code="a">Q24034665</subfield>
         <subfield code="2">WKP</subfield>
      </datafield>
      <datafield tag="024" ind1="7" ind2=" ">
         <subfield code="a">157548625</subfield>
         <subfield code="2">VIAF</subfield>
      </datafield>
      <datafield tag="024" ind1="7" ind2=" ">
         <subfield code="a">E-SAu</subfield>
         <subfield code="q">siglum</subfield>
         <subfield code="2">rism</subfield>
      </datafield>
      <datafield tag="034" ind1="1" ind2=" ">
         <subfield code="d">-5.666983</subfield>
         <subfield code="f">40.961492</subfield>
      </datafield>
      <datafield tag="040" ind1=" " ind2=" ">
         <subfield code="a">DE-633</subfield>
         <subfield code="c">DE-633</subfield>
         <subfield code="e">rismg</subfield>
      </datafield>
      <datafield tag="043" ind1=" " ind2=" ">
         <subfield code="c">XA-ES</subfield>
      </datafield>
      <datafield tag="110" ind1="1" ind2=" ">
         <subfield code="a">Biblioteca General Histórica (Universidad de Salamanca)</subfield>
         <subfield code="c">Salamanca</subfield>
         <subfield code="g">E-SAu</subfield>
      </datafield>
      <datafield tag="368" ind1=" " ind2=" ">
         <subfield code="a">Institution</subfield>
         <subfield code="a">Library</subfield>
      </datafield>
      <datafield tag="371" ind1=" " ind2=" ">
         <subfield code="a">C/ Libreros, s/n.</subfield>
         <subfield code="b">Salamanca 37008</subfield>
         <subfield code="c">Castilla y León</subfield>
         <subfield code="d">Spain</subfield>
         <subfield code="m">bgeneral@usal.es</subfield>
         <subfield code="u">http://bibliotecahistorica.usal.es/</subfield>
      </datafield>
      <datafield tag="410" ind1=" " ind2=" ">
         <subfield code="a">Universidad, Archivo y Biblioteca</subfield>
      </datafield>
      <datafield tag="551" ind1="1" ind2=" ">
         <subfield code="a">Salamanca</subfield>
         <subfield code="0">places/3900240</subfield>
      </datafield>
      <datafield tag="667" ind1=" " ind2=" ">
         <subfield code="a">Published sources: 8</subfield>
      </datafield>
      <datafield tag="680" ind1="1" ind2=" ">
         <subfield code="a">En su fondo cuenta con códices, 3.000 manuscritos y materiales impresos mediante procedimientos de imprenta manual desde el siglo XV. Custodia el archivo de música de la Capilla que la Universidad de Salamanca mantuvo entre 1738 y 1801 con obras tanto de los autores locales relacionados con la Universidad (Juan Antonio Aragüés, Manuel Doyagüe y Bernardo del Manzano), como de maestros de otros centros de producción musical hispanos como Pedro Aranaz, Francisco Javier García Fajer, Luis Serra, o Juan y José Mir, así como de algunos autores más alejados geográficamente, como es el caso de Tomaso Traetta, Bartolomeo Lustrini o Carl Stamitz. El más antiguo de los manuscritos es el Liber canticorum et horarum copiado en 1059 para Sancha, Reina consorte de Fernando I, Rey de León. Han sido digitalizados y se puede acceder libremente a ellos a través del repositorio Gredos de la Universidad de Salamanca.</subfield>
      </datafield>
   </record>