
   <record>
      <leader>00000nz  a2200000nc 4500</leader>
      <controlfield tag="001">institutions/30000072</controlfield>
      <controlfield tag="003">DE-633</controlfield>
      <controlfield tag="005">20250620051952.0</controlfield>
      <controlfield tag="008">161109||||z|||a|||||||||||||||||n||||||d</controlfield>
      <datafield tag="024" ind1="7" ind2=" ">
         <subfield code="a">E-SC</subfield>
         <subfield code="q">siglum</subfield>
         <subfield code="2">rism</subfield>
      </datafield>
      <datafield tag="040" ind1=" " ind2=" ">
         <subfield code="a">DE-633</subfield>
         <subfield code="c">DE-633</subfield>
         <subfield code="e">rismg</subfield>
      </datafield>
      <datafield tag="043" ind1=" " ind2=" ">
         <subfield code="c">XA-ES</subfield>
      </datafield>
      <datafield tag="110" ind1="2" ind2=" ">
         <subfield code="a">Archivo y Biblioteca Capitular de la Catedral de Santiago de Compostela</subfield>
         <subfield code="c">Santiago de Compostela</subfield>
         <subfield code="g">E-SC</subfield>
      </datafield>
      <datafield tag="368" ind1=" " ind2=" ">
         <subfield code="a">Library</subfield>
      </datafield>
      <datafield tag="368" ind1=" " ind2=" ">
         <subfield code="a">Institution</subfield>
      </datafield>
      <datafield tag="371" ind1=" " ind2=" ">
         <subfield code="a">Archivo y Biblioteca Capitular de la,  Catedral de Santiago de Compostela, Pz. de Platerías, s/n., 15703 Santiago de Compostela, Spain</subfield>
         <subfield code="u">http://archivium-sancti-iacobi.blogspot.com.es/</subfield>
      </datafield>
      <datafield tag="410" ind1="2" ind2=" ">
         <subfield code="a">Catedral Metropolitana</subfield>
      </datafield>
      <datafield tag="551" ind1=" " ind2=" ">
         <subfield code="a">Santiago de Compostela</subfield>
         <subfield code="0">places/3902783</subfield>
      </datafield>
      <datafield tag="667" ind1=" " ind2=" ">
         <subfield code="a">Published sources: 1777</subfield>
      </datafield>
      <datafield tag="680" ind1=" " ind2=" ">
         <subfield code="a">Fondo musical constituido por las obras originales de maestros de capilla compostelanos y de otros foráneos cuya música se interpretó en esta basílica. Rica colección de manuscritos, incluyendo el célebre Codex Calixtinus. Series: - Cantorales de polifonía - Obras musicales s. XVII - Obras musicales (fray José de Vaquedano) ss. XVII-XVIII - Obras musicales s. XVIII - Obras de Buono Chiodi - Autores italianos s. XVIII - Obras musicales (Melchor López Jiménez) ss. XVIII-XIX - Obras musicales (libros de órgano) ss. XVIII-XIX - Obras musicales (Ramón Palacio) s. XIX - Obras musicales (Juan Trallero) s. XIX - Últimos maestros de la catedral ss. XVIII-XIX</subfield>
      </datafield>
   </record>