
   <record>
      <leader>00000nz  a2200000nc 4500</leader>
      <controlfield tag="001">institutions/30079064</controlfield>
      <controlfield tag="003">DE-633</controlfield>
      <controlfield tag="005">20250620052121.0</controlfield>
      <controlfield tag="008">161109||||z|||a|||||||||||||||||n||||||d</controlfield>
      <datafield tag="024" ind1="7" ind2=" ">
         <subfield code="a">E-SCV</subfield>
         <subfield code="q">siglum</subfield>
         <subfield code="2">rism</subfield>
      </datafield>
      <datafield tag="040" ind1=" " ind2=" ">
         <subfield code="a">DE-633</subfield>
         <subfield code="c">DE-633</subfield>
         <subfield code="e">rismg</subfield>
      </datafield>
      <datafield tag="043" ind1=" " ind2=" ">
         <subfield code="c">XA-ES</subfield>
      </datafield>
      <datafield tag="110" ind1="2" ind2=" ">
         <subfield code="a">Arxiu Nacional de Catalunya</subfield>
         <subfield code="c">Sant Cugat del Vallès</subfield>
         <subfield code="g">E-SCV</subfield>
      </datafield>
      <datafield tag="368" ind1=" " ind2=" ">
         <subfield code="a">Institution</subfield>
      </datafield>
      <datafield tag="368" ind1=" " ind2=" ">
         <subfield code="a">Library</subfield>
      </datafield>
      <datafield tag="371" ind1=" " ind2=" ">
         <subfield code="a">Arxiu Nacional de Catalunya, Carrer de Jaume I, 33-51, 08195  Sant Cugat del Vallès, Spain</subfield>
         <subfield code="u">http://www.anc.gencat.cat</subfield>
      </datafield>
      <datafield tag="410" ind1="2" ind2=" ">
         <subfield code="a">Archivo Nacional de Catalunya</subfield>
      </datafield>
      <datafield tag="551" ind1=" " ind2=" ">
         <subfield code="a">Sant Cugat del Vallès</subfield>
         <subfield code="0">places/3905461</subfield>
      </datafield>
      <datafield tag="680" ind1=" " ind2=" ">
         <subfield code="a">Pau Casals collection, coming from the Pau Casals Foundation: this holding contains personal and family documents, supporting documentation in terms of the artistic activity of this cellist as a musician and documentation of his associational and politic activity. Includes compositions by Pau Casals (1876-1973) and others. Also noteworthy is the collection of correspondence (mail, letters), photographs, drawings, diplomas, prints, drawings and an important audio and audiovisual collection with several 8 and 16mm films about the life of this musician Other holdings: - Banda Municipal de Barcelona (Band of Barcelona Town Hall) - Federació de Cors de Clavé (Clavé Choirs Federation) - Associació Catalana de Compositors (Catalan Composers' Association) - Josep Anselm Clavé</subfield>
      </datafield>
   </record>