
   <record>
      <leader>00000nz  a2200000nc 4500</leader>
      <controlfield tag="001">institutions/30080765</controlfield>
      <controlfield tag="003">DE-633</controlfield>
      <controlfield tag="005">20250620052133.0</controlfield>
      <controlfield tag="008">161109||||z|||a|||||||||||||||||n||||||d</controlfield>
      <datafield tag="024" ind1="7" ind2=" ">
         <subfield code="a">E-SCVb</subfield>
         <subfield code="q">siglum</subfield>
         <subfield code="2">rism</subfield>
      </datafield>
      <datafield tag="034" ind1="2" ind2=" ">
         <subfield code="d">2.091673</subfield>
         <subfield code="f">41.466807</subfield>
      </datafield>
      <datafield tag="040" ind1=" " ind2=" ">
         <subfield code="a">DE-633</subfield>
         <subfield code="c">DE-633</subfield>
         <subfield code="e">rismg</subfield>
      </datafield>
      <datafield tag="043" ind1=" " ind2=" ">
         <subfield code="c">XA-ES</subfield>
      </datafield>
      <datafield tag="110" ind1="2" ind2=" ">
         <subfield code="a">Biblioteca Borja</subfield>
         <subfield code="c">San Cugat del Vallès</subfield>
         <subfield code="g">E-SCVb</subfield>
      </datafield>
      <datafield tag="368" ind1=" " ind2=" ">
         <subfield code="a">Institution</subfield>
      </datafield>
      <datafield tag="368" ind1=" " ind2=" ">
         <subfield code="a">Library</subfield>
      </datafield>
      <datafield tag="371" ind1=" " ind2=" ">
         <subfield code="a">Biblioteca Borja, Campus ESADE. Universidad Ramón Llull, Avda. Torreblanca, 59, 08017 San Cugat del Vallès, Spain</subfield>
         <subfield code="u">http://www.esade.edu/homesite/cat/biblioteca-borja</subfield>
      </datafield>
      <datafield tag="551" ind1=" " ind2=" ">
         <subfield code="a">San Cugat del Vallès</subfield>
         <subfield code="0">places/3905739</subfield>
      </datafield>
      <datafield tag="680" ind1=" " ind2=" ">
         <subfield code="a">It contains a collection of scores, some handwritten, from the seventeenth to the twentieth centuries, among which a musical manuscript (Ms-K-III-3) with nearly a hundred polyphonic works by 25 different authors and anonymous pieces, covering a period between 1670 and 1733.</subfield>
      </datafield>
   </record>