
   <record>
      <leader>00000nz  a2200000nc 4500</leader>
      <controlfield tag="001">institutions/30080146</controlfield>
      <controlfield tag="003">DE-633</controlfield>
      <controlfield tag="005">20250620052129.0</controlfield>
      <controlfield tag="008">161109||||z|||a|||||||||||||||||n||||||d</controlfield>
      <datafield tag="024" ind1="7" ind2=" ">
         <subfield code="a">E-SCasg</subfield>
         <subfield code="q">siglum</subfield>
         <subfield code="2">rism</subfield>
      </datafield>
      <datafield tag="040" ind1=" " ind2=" ">
         <subfield code="a">DE-633</subfield>
         <subfield code="c">DE-633</subfield>
         <subfield code="e">rismg</subfield>
      </datafield>
      <datafield tag="043" ind1=" " ind2=" ">
         <subfield code="c">XA-ES</subfield>
      </datafield>
      <datafield tag="110" ind1="2" ind2=" ">
         <subfield code="a">Arquivo Sonoro de Galicia</subfield>
         <subfield code="c">Santiago de Compostela</subfield>
         <subfield code="g">E-SCasg</subfield>
      </datafield>
      <datafield tag="368" ind1=" " ind2=" ">
         <subfield code="a">Institution</subfield>
      </datafield>
      <datafield tag="368" ind1=" " ind2=" ">
         <subfield code="a">Library</subfield>
      </datafield>
      <datafield tag="371" ind1=" " ind2=" ">
         <subfield code="a">Arquivo Sonoro de Galicia, Cidade da Cultura de Galicia. Edificio,  da Biblioteca de Galicia, Monte Gaiás, s/n, 15707 Santiago de Compostela, Spain</subfield>
         <subfield code="u">http://consellodacultura.gal/arquivos/asg/</subfield>
      </datafield>
      <datafield tag="551" ind1=" " ind2=" ">
         <subfield code="a">Santiago de Compostela</subfield>
         <subfield code="0">places/3902783</subfield>
      </datafield>
      <datafield tag="680" ind1=" " ind2=" ">
         <subfield code="a">Preserva documentos de etnografía, etnomusicología, música y programas radiofónicos, entre otros. La colección editada de la Fonoteca de Galicia se compone de alrededor de 5.000 soportes de audio en diferentes formatos. Incluye en su web el acceso en línea a Os instrumentos musicais en la tradición galega. En cuanto a etnomusicología se refiere, posee las grabaciones realizadas por Dortohé Schubarth y Antón Santamarina que generaron el Cancioneiro Popular Galego. Además cuenta con el fondo depositado por Pablo Carpintero con cerca de 400 horas de grabación de música de gaita.</subfield>
      </datafield>
   </record>