
   <record>
      <leader>00000nz  a2200000nc 4500</leader>
      <controlfield tag="001">institutions/30003312</controlfield>
      <controlfield tag="003">DE-633</controlfield>
      <controlfield tag="005">20250620052020.0</controlfield>
      <controlfield tag="008">161109||||z|||a|||||||||||||||||n||||||d</controlfield>
      <datafield tag="024" ind1="7" ind2=" ">
         <subfield code="a">E-SCcalo</subfield>
         <subfield code="q">siglum</subfield>
         <subfield code="2">rism</subfield>
      </datafield>
      <datafield tag="040" ind1=" " ind2=" ">
         <subfield code="a">DE-633</subfield>
         <subfield code="c">DE-633</subfield>
         <subfield code="e">rismg</subfield>
      </datafield>
      <datafield tag="043" ind1=" " ind2=" ">
         <subfield code="c">XA-ES</subfield>
      </datafield>
      <datafield tag="110" ind1="2" ind2=" ">
         <subfield code="a">José López-Calo, colección privada</subfield>
         <subfield code="c">Santiago de Compostela</subfield>
         <subfield code="g">E-SCcalo</subfield>
      </datafield>
      <datafield tag="368" ind1=" " ind2=" ">
         <subfield code="a">Library</subfield>
      </datafield>
      <datafield tag="368" ind1=" " ind2=" ">
         <subfield code="a">Institution</subfield>
      </datafield>
      <datafield tag="551" ind1=" " ind2=" ">
         <subfield code="a">Santiago de Compostela</subfield>
         <subfield code="0">places/3902783</subfield>
      </datafield>
      <datafield tag="680" ind1=" " ind2=" ">
         <subfield code="a">Library dedicated to sacred music, which has more than 20,000 volumes, including unique pieces abound compiled by José López Calo. Among the manuscripts include the processional of the Collegiate Talavera de la Reina (s. XIV) and the Cathedral of Barcelona (s. XVIII) or a book of organ of Spanish authors of s. XVIII. He has also received several gifts and bequests, including the library and personal archive of the New York musicologist Robert J. Snow, compiler of Hispanic liturgical and historical sources and those from Higini Anglès.</subfield>
      </datafield>
   </record>