
   <record>
      <leader>00000nz  a2200000nc 4500</leader>
      <controlfield tag="001">institutions/30080145</controlfield>
      <controlfield tag="003">DE-633</controlfield>
      <controlfield tag="005">20250620052129.0</controlfield>
      <controlfield tag="008">161109||||z|||a|||||||||||||||||n||||||d</controlfield>
      <datafield tag="024" ind1="7" ind2=" ">
         <subfield code="a">E-SCmpg</subfield>
         <subfield code="q">siglum</subfield>
         <subfield code="2">rism</subfield>
      </datafield>
      <datafield tag="040" ind1=" " ind2=" ">
         <subfield code="a">DE-633</subfield>
         <subfield code="c">DE-633</subfield>
         <subfield code="e">rismg</subfield>
      </datafield>
      <datafield tag="043" ind1=" " ind2=" ">
         <subfield code="c">XA-ES</subfield>
      </datafield>
      <datafield tag="110" ind1="2" ind2=" ">
         <subfield code="a">Museo do Pobo Galego</subfield>
         <subfield code="c">Santiago de Compostela</subfield>
         <subfield code="g">E-SCmpg</subfield>
      </datafield>
      <datafield tag="368" ind1=" " ind2=" ">
         <subfield code="a">Institution</subfield>
      </datafield>
      <datafield tag="368" ind1=" " ind2=" ">
         <subfield code="a">Library</subfield>
      </datafield>
      <datafield tag="371" ind1=" " ind2=" ">
         <subfield code="a">Museo do Pobo Galego, San Domingos de Bonaval, 15703 Santiago de Compostela, Spain</subfield>
         <subfield code="u">http://www.museodopobo.es/</subfield>
      </datafield>
      <datafield tag="551" ind1=" " ind2=" ">
         <subfield code="a">Santiago de Compostela</subfield>
         <subfield code="0">places/3902783</subfield>
      </datafield>
      <datafield tag="680" ind1=" " ind2=" ">
         <subfield code="a">Contiene un amplio fondo, proveniente fundamentalmente de donaciones de particulares, resultado de trabajos de campo realizados en los últimos 40 años. Estos fondos han sido catalogados y estudiados y pueden ser consultados</subfield>
      </datafield>
   </record>