
   <record>
      <leader>00000nz  a2200000nc 4500</leader>
      <controlfield tag="001">institutions/30079650</controlfield>
      <controlfield tag="003">DE-633</controlfield>
      <controlfield tag="005">20250620052125.0</controlfield>
      <controlfield tag="008">161109||||z|||a|||||||||||||||||n||||||d</controlfield>
      <datafield tag="024" ind1="7" ind2=" ">
         <subfield code="a">E-SCt</subfield>
         <subfield code="q">siglum</subfield>
         <subfield code="2">rism</subfield>
      </datafield>
      <datafield tag="040" ind1=" " ind2=" ">
         <subfield code="a">DE-633</subfield>
         <subfield code="c">DE-633</subfield>
         <subfield code="e">rismg</subfield>
      </datafield>
      <datafield tag="043" ind1=" " ind2=" ">
         <subfield code="c">XA-ES</subfield>
      </datafield>
      <datafield tag="110" ind1="2" ind2=" ">
         <subfield code="a">Biblioteca de Estudios Teolóxicos de Galicia</subfield>
         <subfield code="c">Santiago de Compostela</subfield>
         <subfield code="g">E-SCt</subfield>
      </datafield>
      <datafield tag="368" ind1=" " ind2=" ">
         <subfield code="a">Institution</subfield>
      </datafield>
      <datafield tag="368" ind1=" " ind2=" ">
         <subfield code="a">Library</subfield>
      </datafield>
      <datafield tag="371" ind1=" " ind2=" ">
         <subfield code="a">Biblioteca de Estudios Teolóxicos de,  Galicia, Pza. de la Inmaculada, 5, 15704 Santiago de Compostela, Spain</subfield>
         <subfield code="u">http://www.itcdesantiago.org/itc/</subfield>
      </datafield>
      <datafield tag="551" ind1=" " ind2=" ">
         <subfield code="a">Santiago de Compostela</subfield>
         <subfield code="0">places/3902783</subfield>
      </datafield>
      <datafield tag="680" ind1=" " ind2=" ">
         <subfield code="a">This is the old library of the Seminario Diocesano de Santiago (Diocesan Seminary of Santiago), in which scores and theoretical treatises are kept, dating since the mid-nineteenth century to the sixties of the 20th century, as well as a few copies of the 18th.</subfield>
      </datafield>
   </record>