
   <record>
      <leader>00000nz  a2200000nc 4500</leader>
      <controlfield tag="001">institutions/30001395</controlfield>
      <controlfield tag="003">DE-633</controlfield>
      <controlfield tag="005">20250620052004.0</controlfield>
      <controlfield tag="008">161109||||z|||a|||||||||||||||||n||||||d</controlfield>
      <datafield tag="024" ind1="7" ind2=" ">
         <subfield code="a">E-SD</subfield>
         <subfield code="q">siglum</subfield>
         <subfield code="2">rism</subfield>
      </datafield>
      <datafield tag="040" ind1=" " ind2=" ">
         <subfield code="a">DE-633</subfield>
         <subfield code="c">DE-633</subfield>
         <subfield code="e">rismg</subfield>
      </datafield>
      <datafield tag="043" ind1=" " ind2=" ">
         <subfield code="c">XA-ES</subfield>
      </datafield>
      <datafield tag="110" ind1="2" ind2=" ">
         <subfield code="a">Catedral de Santo Domingo de la Calzada, Archivo</subfield>
         <subfield code="c">Santo Domingo de la Calzada</subfield>
         <subfield code="g">E-SD</subfield>
      </datafield>
      <datafield tag="368" ind1=" " ind2=" ">
         <subfield code="a">Library</subfield>
      </datafield>
      <datafield tag="368" ind1=" " ind2=" ">
         <subfield code="a">Institution</subfield>
      </datafield>
      <datafield tag="371" ind1=" " ind2=" ">
         <subfield code="a">Catedral de Santo Domingo de la Calzada,,  Archivo, Pz. de España, 2, 26250 Santo Domingo de la Calzada, Spain</subfield>
      </datafield>
      <datafield tag="551" ind1=" " ind2=" ">
         <subfield code="a">Santo Domingo de la Calzada</subfield>
         <subfield code="0">places/3903192</subfield>
      </datafield>
      <datafield tag="667" ind1=" " ind2=" ">
         <subfield code="a">Published sources: 7</subfield>
      </datafield>
      <datafield tag="680" ind1=" " ind2=" ">
         <subfield code="a">Cuenta con un ejemplar impreso del Misal Calagurritano del siglo XVI y cuatro cantorales de polifonía. El archivo alberga además un importante número de obras sacras como villancicos, magnificats, cantatas, etc. de maestros de capilla como Matías Durango, Manuel Ibeas o Diego Pérez de Camino, además de otros músicos asociados a la catedral, españoles y extranjeros, así como de autores anónimos.</subfield>
      </datafield>
   </record>