
   <record>
      <leader>00000nz  a2200000nc 4500</leader>
      <controlfield tag="001">institutions/30001397</controlfield>
      <controlfield tag="003">DE-633</controlfield>
      <controlfield tag="005">20250620052004.0</controlfield>
      <controlfield tag="008">161109||||z|||a|||||||||||||||||n||||||d</controlfield>
      <datafield tag="024" ind1="7" ind2=" ">
         <subfield code="a">E-SEG</subfield>
         <subfield code="q">siglum</subfield>
         <subfield code="2">rism</subfield>
      </datafield>
      <datafield tag="040" ind1=" " ind2=" ">
         <subfield code="a">DE-633</subfield>
         <subfield code="c">DE-633</subfield>
         <subfield code="e">rismg</subfield>
      </datafield>
      <datafield tag="043" ind1=" " ind2=" ">
         <subfield code="c">XA-ES</subfield>
      </datafield>
      <datafield tag="110" ind1="2" ind2=" ">
         <subfield code="a">Catedral de Segorbe, Archivo y Biblioteca</subfield>
         <subfield code="c">Segorbe</subfield>
         <subfield code="g">E-SEG</subfield>
      </datafield>
      <datafield tag="368" ind1=" " ind2=" ">
         <subfield code="a">Library</subfield>
      </datafield>
      <datafield tag="368" ind1=" " ind2=" ">
         <subfield code="a">Institution</subfield>
      </datafield>
      <datafield tag="371" ind1=" " ind2=" ">
         <subfield code="a">Catedral de Segorbe, Archivo y,  Biblioteca, c/ San Cristóbal, 5, 12400 Segorbe, Spain</subfield>
         <subfield code="u">http://www.catedraldesegorbe.es/archivo.php</subfield>
      </datafield>
      <datafield tag="551" ind1=" " ind2=" ">
         <subfield code="a">Segorbe</subfield>
         <subfield code="0">places/3903193</subfield>
      </datafield>
      <datafield tag="667" ind1=" " ind2=" ">
         <subfield code="a">Published sources: 64</subfield>
      </datafield>
      <datafield tag="680" ind1=" " ind2=" ">
         <subfield code="a">El archivo de música acoge un importante contenido de piezas, fundamentalmente las obras de quienes fueron maestros de capilla y organistas catedralicios, que abarcan desde el siglo XVI hasta la actualidad, como Francisco Andreví, Francisco Asín, José Gil Pérez, Mateo Lorente, etc. Se está elaborando una guía del archivo musical que se podrá consultar en línea.</subfield>
      </datafield>
   </record>