
   <record>
      <leader>00000nz  a2200000nc 4500</leader>
      <controlfield tag="001">institutions/30080769</controlfield>
      <controlfield tag="003">DE-633</controlfield>
      <controlfield tag="005">20250620052133.0</controlfield>
      <controlfield tag="008">161109||||z|||a|||||||||||||||||n||||||d</controlfield>
      <datafield tag="024" ind1="7" ind2=" ">
         <subfield code="a">E-SEsmp</subfield>
         <subfield code="q">siglum</subfield>
         <subfield code="2">rism</subfield>
      </datafield>
      <datafield tag="034" ind1="2" ind2=" ">
         <subfield code="d">-4.126128</subfield>
         <subfield code="f">40.956033</subfield>
      </datafield>
      <datafield tag="040" ind1=" " ind2=" ">
         <subfield code="a">DE-633</subfield>
         <subfield code="c">DE-633</subfield>
         <subfield code="e">rismg</subfield>
      </datafield>
      <datafield tag="043" ind1=" " ind2=" ">
         <subfield code="c">XA-ES</subfield>
      </datafield>
      <datafield tag="110" ind1="2" ind2=" ">
         <subfield code="a">Monasterio Santa María del Parral</subfield>
         <subfield code="c">Segovia</subfield>
         <subfield code="g">E-SEsmp</subfield>
      </datafield>
      <datafield tag="368" ind1=" " ind2=" ">
         <subfield code="a">Institution</subfield>
      </datafield>
      <datafield tag="368" ind1=" " ind2=" ">
         <subfield code="a">Library</subfield>
      </datafield>
      <datafield tag="371" ind1=" " ind2=" ">
         <subfield code="a">Monasterio Santa María del Parral, Calle Subida al Parral, 2, 40003 Segovia, Spain</subfield>
         <subfield code="u">http://www3.planalfa.es/msmparral/parral/fondo.htm</subfield>
      </datafield>
      <datafield tag="551" ind1=" " ind2=" ">
         <subfield code="a">Segovia</subfield>
         <subfield code="0">places/3900288</subfield>
      </datafield>
      <datafield tag="680" ind1=" " ind2=" ">
         <subfield code="a">The monastery lost all its collections and today has only recovered a few copies of old books. Most come from other monasteries of the Jeronimes order, through purchases or donations. Currently preserving the monastery a series of 22 choir books, all manuscripts dating from the sixteenth and eighteenth centuries.</subfield>
      </datafield>
   </record>