
   <record>
      <leader>00000nz  a2200000nc 4500</leader>
      <controlfield tag="001">institutions/30001398</controlfield>
      <controlfield tag="003">DE-633</controlfield>
      <controlfield tag="005">20250620052004.0</controlfield>
      <controlfield tag="008">161109||||z|||a|||||||||||||||||n||||||d</controlfield>
      <datafield tag="024" ind1="7" ind2=" ">
         <subfield code="a">313245033</subfield>
         <subfield code="2">VIAF</subfield>
      </datafield>
      <datafield tag="024" ind1="7" ind2=" ">
         <subfield code="a">E-SI</subfield>
         <subfield code="q">siglum</subfield>
         <subfield code="2">rism</subfield>
      </datafield>
      <datafield tag="034" ind1="1" ind2=" ">
         <subfield code="d">-3.419297</subfield>
         <subfield code="f">41.962033</subfield>
      </datafield>
      <datafield tag="040" ind1=" " ind2=" ">
         <subfield code="a">DE-633</subfield>
         <subfield code="c">DE-633</subfield>
         <subfield code="e">rismg</subfield>
      </datafield>
      <datafield tag="043" ind1=" " ind2=" ">
         <subfield code="c">XA-ES</subfield>
      </datafield>
      <datafield tag="110" ind1="1" ind2=" ">
         <subfield code="a">Biblioteca de la Abadía de Santo Domingo de Silos</subfield>
         <subfield code="c">Santo Domingo de Silos</subfield>
         <subfield code="g">E-SI</subfield>
      </datafield>
      <datafield tag="368" ind1=" " ind2=" ">
         <subfield code="a">Institution</subfield>
         <subfield code="a">Library</subfield>
      </datafield>
      <datafield tag="371" ind1=" " ind2=" ">
         <subfield code="b">Santo Domingo de Silos</subfield>
         <subfield code="c">Provincia de Burgos</subfield>
         <subfield code="d">Spain</subfield>
         <subfield code="e">09610</subfield>
         <subfield code="m">info@bibliotecadesilos.es</subfield>
         <subfield code="u">http://www.bibliotecadesilos.es/es/portada/</subfield>
         <subfield code="z">tel: +34 / 947 39 00 49</subfield>
         <subfield code="z">fax: +34 / 947 39 00 33</subfield>
      </datafield>
      <datafield tag="410" ind1=" " ind2=" ">
         <subfield code="a">Archivo Musical de la Abadía</subfield>
      </datafield>
      <datafield tag="551" ind1="1" ind2=" ">
         <subfield code="a">Santo Domingo de Silos</subfield>
         <subfield code="0">places/3903194</subfield>
      </datafield>
      <datafield tag="680" ind1="1" ind2=" ">
         <subfield code="a">Se custodian unos 20 códices de los siglos X al XVI, de carácter litúrgico y monástico.</subfield>
      </datafield>
   </record>