
   <record>
      <leader>00000nz  a2200000nc 4500</leader>
      <controlfield tag="001">institutions/30080170</controlfield>
      <controlfield tag="003">DE-633</controlfield>
      <controlfield tag="005">20250620052129.0</controlfield>
      <controlfield tag="008">161109||||z|||a|||||||||||||||||n||||||d</controlfield>
      <datafield tag="024" ind1="7" ind2=" ">
         <subfield code="a">E-SIGcvg</subfield>
         <subfield code="q">siglum</subfield>
         <subfield code="2">rism</subfield>
      </datafield>
      <datafield tag="040" ind1=" " ind2=" ">
         <subfield code="a">DE-633</subfield>
         <subfield code="c">DE-633</subfield>
         <subfield code="e">rismg</subfield>
      </datafield>
      <datafield tag="043" ind1=" " ind2=" ">
         <subfield code="c">XA-ES</subfield>
      </datafield>
      <datafield tag="110" ind1="2" ind2=" ">
         <subfield code="a">Centro de la Vihuela de Mano y la Guitarra Española “José Luis Romanillos”</subfield>
         <subfield code="c">Sigüenza</subfield>
         <subfield code="g">E-SIGcvg</subfield>
      </datafield>
      <datafield tag="368" ind1=" " ind2=" ">
         <subfield code="a">Institution</subfield>
      </datafield>
      <datafield tag="368" ind1=" " ind2=" ">
         <subfield code="a">Library</subfield>
      </datafield>
      <datafield tag="371" ind1=" " ind2=" ">
         <subfield code="a">Centro de la Vihuela de Mano y la,  Guitarra Española “José Luis,  Romanillos”, Casa del Doncel, c/ San Vicente, 1, 19250 Sigüenza, Spain</subfield>
         <subfield code="u">http://romanillos.org/</subfield>
      </datafield>
      <datafield tag="551" ind1=" " ind2=" ">
         <subfield code="a">Sigüenza</subfield>
         <subfield code="0">places/3903777</subfield>
      </datafield>
      <datafield tag="680" ind1=" " ind2=" ">
         <subfield code="a">Reproducción del taller del guitarrero español Santos Hernández Rodríguez. Selección de vihuelas y guitarras españolas proveniente de la colección Romanillos-Harris; entre los 32 instrumentos que han sido prestados para su exposición pueden contemplarse una guitarra de cinco órdenes construida en el siglo XVII, así como vihuelas y guitarras construidas en Cádiz, Madrid, Cartagena, Mallorca, Málaga, Canarias, Almería, Valencia, Granada y Sevilla en los siglos XVIII y XIX.</subfield>
      </datafield>
   </record>