
   <record>
      <leader>00000nz  a2200000nc 4500</leader>
      <controlfield tag="001">institutions/30079065</controlfield>
      <controlfield tag="003">DE-633</controlfield>
      <controlfield tag="005">20250620052121.0</controlfield>
      <controlfield tag="008">161109||||z|||a|||||||||||||||||n||||||d</controlfield>
      <datafield tag="024" ind1="7" ind2=" ">
         <subfield code="a">E-SJ</subfield>
         <subfield code="q">siglum</subfield>
         <subfield code="2">rism</subfield>
      </datafield>
      <datafield tag="040" ind1=" " ind2=" ">
         <subfield code="a">DE-633</subfield>
         <subfield code="c">DE-633</subfield>
         <subfield code="e">rismg</subfield>
      </datafield>
      <datafield tag="043" ind1=" " ind2=" ">
         <subfield code="c">XA-ES</subfield>
      </datafield>
      <datafield tag="110" ind1="2" ind2=" ">
         <subfield code="a">Arxiu del Monestir de Sant Joan de les Abadesses</subfield>
         <subfield code="c">Sant Joan les Abadesses</subfield>
         <subfield code="g">E-SJ</subfield>
      </datafield>
      <datafield tag="368" ind1=" " ind2=" ">
         <subfield code="a">Institution</subfield>
      </datafield>
      <datafield tag="368" ind1=" " ind2=" ">
         <subfield code="a">Library</subfield>
      </datafield>
      <datafield tag="371" ind1=" " ind2=" ">
         <subfield code="a">Arxiu del Monestir de Sant Joan de les,  Abadesses, Comte Guifré, 8, 17860 Sant Joan les Abadesses, Spain</subfield>
         <subfield code="u">http://www.monestirsantjoanabadesses.cat/arxiu/</subfield>
      </datafield>
      <datafield tag="410" ind1="2" ind2=" ">
         <subfield code="a">Archivo del monasterio de Sant Joan de les Abadesses</subfield>
      </datafield>
      <datafield tag="551" ind1=" " ind2=" ">
         <subfield code="a">Sant Joan les Abadesses</subfield>
         <subfield code="0">places/3905462</subfield>
      </datafield>
      <datafield tag="680" ind1=" " ind2=" ">
         <subfield code="a">Es uno de los pocos archivos eclesiásticos que custodia sus fondos desde su fundación en el siglo IX hasta el siglo XIX, si bien en 1610, parte de la documentación más antigua fue depositada en el Archivo de la Corona de Aragón. Alberga obras de los maestros de capilla y organistas de la colegiata.</subfield>
      </datafield>
   </record>