
   <record>
      <leader>00000nz  a2200000nc 4500</leader>
      <controlfield tag="001">institutions/30079594</controlfield>
      <controlfield tag="003">DE-633</controlfield>
      <controlfield tag="005">20250620052125.0</controlfield>
      <controlfield tag="008">161109||||z|||a|||||||||||||||||n||||||d</controlfield>
      <datafield tag="024" ind1="7" ind2=" ">
         <subfield code="a">E-SPD</subfield>
         <subfield code="q">siglum</subfield>
         <subfield code="2">rism</subfield>
      </datafield>
      <datafield tag="040" ind1=" " ind2=" ">
         <subfield code="a">DE-633</subfield>
         <subfield code="c">DE-633</subfield>
         <subfield code="e">rismg</subfield>
      </datafield>
      <datafield tag="043" ind1=" " ind2=" ">
         <subfield code="c">XA-ES</subfield>
      </datafield>
      <datafield tag="110" ind1="2" ind2=" ">
         <subfield code="a">Archivo del Monasterio Benedictino de San Pedro de Dueñas</subfield>
         <subfield code="c">San Pedro de las Dueñas (Laguna Dalga)</subfield>
         <subfield code="g">E-SPD</subfield>
      </datafield>
      <datafield tag="368" ind1=" " ind2=" ">
         <subfield code="a">Institution</subfield>
      </datafield>
      <datafield tag="368" ind1=" " ind2=" ">
         <subfield code="a">Library</subfield>
      </datafield>
      <datafield tag="371" ind1=" " ind2=" ">
         <subfield code="a">Archivo del Monasterio Benedictino de,  San Pedro de Dueñas, Carretera a Sahagún, 24248 San Pedro de las Dueñas,  (Laguna Dalga), Spain</subfield>
      </datafield>
      <datafield tag="551" ind1=" " ind2=" ">
         <subfield code="a">San Pedro de las Dueñas (Laguna Dalga)</subfield>
         <subfield code="0">places/3905546</subfield>
      </datafield>
      <datafield tag="680" ind1=" " ind2=" ">
         <subfield code="a">Most are handwritten scores from the 18th and 19th centuries. Religious vocal music notated in choir books and parts (papers, particellas), plus a very large number of instrumental works, especially for the keyboard. There are unknown works too, composed by musicians like Antonio Rodríguez de Hita (1722-1787), Luis Misón (1727-1766) or Francisco Montali (fl.1751-1781). It also houses a collection of instruments of the 19th and early 20th centuries.</subfield>
      </datafield>
   </record>