
   <record>
      <leader>00000nz  a2200000nc 4500</leader>
      <controlfield tag="001">institutions/30079668</controlfield>
      <controlfield tag="003">DE-633</controlfield>
      <controlfield tag="005">20250620052126.0</controlfield>
      <controlfield tag="008">161109||||z|||a|||||||||||||||||n||||||d</controlfield>
      <datafield tag="024" ind1="7" ind2=" ">
         <subfield code="a">E-SSahd</subfield>
         <subfield code="q">siglum</subfield>
         <subfield code="2">rism</subfield>
      </datafield>
      <datafield tag="040" ind1=" " ind2=" ">
         <subfield code="a">DE-633</subfield>
         <subfield code="c">DE-633</subfield>
         <subfield code="e">rismg</subfield>
      </datafield>
      <datafield tag="043" ind1=" " ind2=" ">
         <subfield code="c">XA-ES</subfield>
      </datafield>
      <datafield tag="110" ind1="2" ind2=" ">
         <subfield code="a">Archivo Histórico Diocesano de San Sebastián</subfield>
         <subfield code="c">San Sebastián</subfield>
         <subfield code="g">E-SSahd</subfield>
      </datafield>
      <datafield tag="368" ind1=" " ind2=" ">
         <subfield code="a">Institution</subfield>
      </datafield>
      <datafield tag="368" ind1=" " ind2=" ">
         <subfield code="a">Library</subfield>
      </datafield>
      <datafield tag="371" ind1=" " ind2=" ">
         <subfield code="a">Archivo Histórico Diocesano de San,  Sebastián, Paseo de Hériz, 82, 20008 San Sebastián, Spain</subfield>
         <subfield code="u">http://www.mendezmende.org/es/</subfield>
      </datafield>
      <datafield tag="551" ind1=" " ind2=" ">
         <subfield code="a">San Sebastián</subfield>
         <subfield code="0">places/3904692</subfield>
      </datafield>
      <datafield tag="680" ind1=" " ind2=" ">
         <subfield code="a">Collections: - Schola Cantorum del Seminario (Archivo Musical) (Schola Cantorum of the Seminar, Musical Archive). Predominant religious music, villancicos and popular songs. - Casa de Beneficencia, en Ordizia (Fondo Musical) (House of Charity, in Ordizia, Musical holdings). Includes religious and popular sheet music. - Archivo musical de la parroquia de Ernialde (Music Archive Ernialde Parish) (set scores of Juan Garmendia and Luis Oharrichena). - Fondo Basílica de Santa María del Coro de San Sebastián (Basílica of Santa María del Coro de San Sebastián collection) (Works by chapel masters and organists of the church itself, as Mateo Albéniz, Julián Salcedo, José Juan Santesteban or José de Olaizola. This collection is kept in 31 boxes plus 31 choirbooks, including the plainsong collection of José Juan Santesteban). - Fondo José María Maidagan Azpiazu (José María Maidagan Azpiazu collection), contained in 32 boxes, which highlight the handwritten scores by father Arrúe, musical works by father Donostia, and music composed by Sabina Iriondo for the Congregación de las Hermanas Mercedarias de la Caridad (Congregation of the Mercedarias Sisters of Charity). The rest of the collection is composed of religious music, opera, piano, organ and choir.  There are also musical holdings coming from different parishes of the diocese as:  - Fondo Parroquia de Nuestra Señora de la Asunción de Soraluze (Parish of Our Lady of the Assumption of Soraluze collection) (4 choirbooks) - Fondo Parroquia de San Miguel Arcángel de Oñati (Parish of St. Michael Archangel collection, in Oñate) (14 choirbooks) - Fondo Parroquia de Santa María de Tolosa (Parish of St. Mary, in Tolosa) (23 choirbooks)</subfield>
      </datafield>
   </record>