
   <record>
      <leader>00000nz  a2200000nc 4500</leader>
      <controlfield tag="001">institutions/30006223</controlfield>
      <controlfield tag="003">DE-633</controlfield>
      <controlfield tag="005">20250620052046.0</controlfield>
      <controlfield tag="008">161109||||z|||a|||||||||||||||||n||||||d</controlfield>
      <datafield tag="024" ind1="7" ind2=" ">
         <subfield code="a">E-SSc</subfield>
         <subfield code="q">siglum</subfield>
         <subfield code="2">rism</subfield>
      </datafield>
      <datafield tag="040" ind1=" " ind2=" ">
         <subfield code="a">DE-633</subfield>
         <subfield code="c">DE-633</subfield>
         <subfield code="e">rismg</subfield>
      </datafield>
      <datafield tag="043" ind1=" " ind2=" ">
         <subfield code="c">XA-ES</subfield>
      </datafield>
      <datafield tag="110" ind1="1" ind2=" ">
         <subfield code="a">Mediateca del Centro Superior de Música del País Vasco. Musikene</subfield>
         <subfield code="c">San Sebastián</subfield>
         <subfield code="g">E-SSc</subfield>
      </datafield>
      <datafield tag="368" ind1=" " ind2=" ">
         <subfield code="a">Institution</subfield>
      </datafield>
      <datafield tag="368" ind1=" " ind2=" ">
         <subfield code="a">Library</subfield>
      </datafield>
      <datafield tag="371" ind1=" " ind2=" ">
         <subfield code="a">Mediateca del Centro Superior de Música,  del País Vasco. Musikene, Palacio de Miramar, Paseo de Miraconcha, 48, 20007 San Sebastián, Spain</subfield>
         <subfield code="u">https://musikene.eus/mediateka/</subfield>
      </datafield>
      <datafield tag="410" ind1=" " ind2=" ">
         <subfield code="a">Conservatorio Superior de Música de San Sebastián</subfield>
      </datafield>
      <datafield tag="551" ind1="1" ind2=" ">
         <subfield code="a">San Sebastián</subfield>
         <subfield code="0">places/3904692</subfield>
      </datafield>
      <datafield tag="680" ind1="1" ind2=" ">
         <subfield code="a">A varied collection, close to 50,000 documents. It contains about 19,213 titles; about 1,000 scores, coming from associations such as the band and orchestra of this center, and an important archive of scores for txistu (traditional Basque flute).  Collections:  - Biblioteca musical de Juan Carlos Gómez Zubeldia (Music Library of Juan Carlos Gomez-Zubeldia) consists of 1,000 books, 1,500 music scores and 2,000 discs.</subfield>
      </datafield>
   </record>