
   <record>
      <leader>00000nz  a2200000nc 4500</leader>
      <controlfield tag="001">institutions/30079707</controlfield>
      <controlfield tag="003">DE-633</controlfield>
      <controlfield tag="005">20250620052126.0</controlfield>
      <controlfield tag="008">161109||||z|||a|||||||||||||||||n||||||d</controlfield>
      <datafield tag="024" ind1="7" ind2=" ">
         <subfield code="a">E-SUac</subfield>
         <subfield code="q">siglum</subfield>
         <subfield code="2">rism</subfield>
      </datafield>
      <datafield tag="040" ind1=" " ind2=" ">
         <subfield code="a">DE-633</subfield>
         <subfield code="c">DE-633</subfield>
         <subfield code="e">rismg</subfield>
      </datafield>
      <datafield tag="043" ind1=" " ind2=" ">
         <subfield code="c">XA-ES</subfield>
      </datafield>
      <datafield tag="110" ind1="2" ind2=" ">
         <subfield code="a">Arxiu Comarcal de l’Alt Urgell</subfield>
         <subfield code="c">La Seu d’Urgell</subfield>
         <subfield code="g">E-SUac</subfield>
      </datafield>
      <datafield tag="368" ind1=" " ind2=" ">
         <subfield code="a">Institution</subfield>
      </datafield>
      <datafield tag="368" ind1=" " ind2=" ">
         <subfield code="a">Library</subfield>
      </datafield>
      <datafield tag="371" ind1=" " ind2=" ">
         <subfield code="a">Arxiu Comarcal de l’Alt Urgell, Carrer de Sant Ermengol, 71, 25700 La Seu d’Urgell, Spain</subfield>
      </datafield>
      <datafield tag="551" ind1=" " ind2=" ">
         <subfield code="a">La Seu d’Urgell</subfield>
         <subfield code="0">places/3905575</subfield>
      </datafield>
      <datafield tag="680" ind1=" " ind2=" ">
         <subfield code="a">It contains: 1.- Fons de la Generalitat de Catalunya (collection of the Autonomic Government of Catalonia): Servei d'Extensió Agrària d'Organyà (Organya Agricultural Extension Service), 1956/1983. Departament d'Agricultura. Oficina Comarcal de l'Alt Urgell (Department of Agriculture. Regional Office of Alt Urgell), 1989-1998. 2.- Fons de l'Administracio local (collection of Local Government): Consell Comarcal de l'Alt Urgell (County Council of Alt Urgell), 1988-2005. Ajuntament de la Seu d'Urgell (La Seu d'Urgell Town Hall), 1035-2007. Ajuntament de Cava (Cava Town Hall) 1860/1999. Ajuntament d'Organyà (Organyà Town Hall), 1880/1980. Ajuntament d'Alàs i Cerc (Alas and Cerc Town Hall) 1880/2000. Ajuntament d'Estamariu (Estamariu Town Hall) 1930/1978. Grup d'Acció Local de l'Alt Urgell (GALAUS) (Local Action Group of Alt Urgell), 1994-2001. 3.- Fons notarials (Notaries collection): Districte Notarial de la Seu d'Urgell (Seu d'Urgell Notaries District), 1585/1950. 4.- Fons judicials (Legal holdings): documentary collections from the municipal courts, county and district of La Seu d'Urgell, 1930/1980. Court of First Instruction and Instruction Court of La Seu d'Urgell, 1856-1972. Municipal Court of La Seu d'Urgell, 1865/1972. Municipal Court of Arsèguel, 1866/1935. Municipal Court of Bellver de Cerdanya, 1863/1933. 5.- Fons registrals (Registry collection): Liquidation Office of La Seu d'Urgell, 1888/1940. 6.- Fons d'institucions (Institutions collection): Local Council of the Movement of Cava, 1943/1976. Local Council of the Movement of Organyà, 1968/1973. 7.- Fons d'associacions i fundacions (Associations and foundations collection): Brotherhood of San Sebastian of Seu d'Urgell, 1855/2011. 8.- Fons Personals (Individual collections): Josep Maria Esclusa Isus, 1950/1994. Alois Feltrin, 1925-1930. 9.- Collections: Esperança Boada Pidemunt Collection, of Spanish Civil War posters, 1936-1939.</subfield>
      </datafield>
   </record>