
   <record>
      <leader>00000nz  a2200000nc 4500</leader>
      <controlfield tag="001">institutions/30001393</controlfield>
      <controlfield tag="003">DE-633</controlfield>
      <controlfield tag="005">20250620052004.0</controlfield>
      <controlfield tag="008">161109||||z|||a|||||||||||||||||n||||||d</controlfield>
      <datafield tag="024" ind1="7" ind2=" ">
         <subfield code="a">E-Sc</subfield>
         <subfield code="q">siglum</subfield>
         <subfield code="2">rism</subfield>
      </datafield>
      <datafield tag="034" ind1="1" ind2=" ">
         <subfield code="d">-5.992060503179413</subfield>
         <subfield code="f">37.38638784739951</subfield>
      </datafield>
      <datafield tag="040" ind1=" " ind2=" ">
         <subfield code="a">DE-633</subfield>
         <subfield code="c">DE-633</subfield>
         <subfield code="e">rismg</subfield>
      </datafield>
      <datafield tag="043" ind1=" " ind2=" ">
         <subfield code="c">XA-ES</subfield>
      </datafield>
      <datafield tag="110" ind1="1" ind2=" ">
         <subfield code="a">Archivo de la Catedral de Sevilla. Subfondo Capilla de Música</subfield>
         <subfield code="c">Sevilla</subfield>
         <subfield code="g">E-Sc</subfield>
      </datafield>
      <datafield tag="368" ind1=" " ind2=" ">
         <subfield code="a">Institution</subfield>
         <subfield code="a">Library</subfield>
      </datafield>
      <datafield tag="371" ind1=" " ind2=" ">
         <subfield code="a">Palacio Arzobispal</subfield>
         <subfield code="a">Plaza Virgen de los Reyes s/n</subfield>
         <subfield code="b">Sevilla</subfield>
         <subfield code="c">Andalucía</subfield>
         <subfield code="d">Spain</subfield>
         <subfield code="e">41004</subfield>
         <subfield code="m">canonigobaic@icolombina.es</subfield>
         <subfield code="u">https://icolombina.es/archivo-la-catedral-sevilla/</subfield>
         <subfield code="z">tel: +34 / 954 50 55 18</subfield>
      </datafield>
      <datafield tag="410" ind1=" " ind2=" ">
         <subfield code="a">Catedral de Sevilla. Archivo Musical</subfield>
      </datafield>
      <datafield tag="410" ind1=" " ind2=" ">
         <subfield code="a">Catedral Metropolitana (Santa María de la Sede)</subfield>
      </datafield>
      <datafield tag="551" ind1="1" ind2=" ">
         <subfield code="a">Sevilla</subfield>
         <subfield code="0">places/3900140</subfield>
      </datafield>
      <datafield tag="667" ind1=" " ind2=" ">
         <subfield code="a">Published sources: 14</subfield>
      </datafield>
   </record>