
   <record>
      <leader>00000nz  a2200000nc 4500</leader>
      <controlfield tag="001">institutions/30006411</controlfield>
      <controlfield tag="003">DE-633</controlfield>
      <controlfield tag="005">20250620052047.0</controlfield>
      <controlfield tag="008">161109||||z|||a|||||||||||||||||n||||||d</controlfield>
      <datafield tag="024" ind1="7" ind2=" ">
         <subfield code="a">34159032656701181544</subfield>
         <subfield code="2">VIAF</subfield>
      </datafield>
      <datafield tag="024" ind1="7" ind2=" ">
         <subfield code="a">5100181-0</subfield>
         <subfield code="2">DNB</subfield>
      </datafield>
      <datafield tag="024" ind1="7" ind2=" ">
         <subfield code="a">Q120869220</subfield>
         <subfield code="2">WKP</subfield>
      </datafield>
      <datafield tag="024" ind1="7" ind2=" ">
         <subfield code="a">E-Sco</subfield>
         <subfield code="q">siglum</subfield>
         <subfield code="2">rism</subfield>
      </datafield>
      <datafield tag="034" ind1="1" ind2=" ">
         <subfield code="d">-5.992739983379061</subfield>
         <subfield code="f">37.38669900395729</subfield>
      </datafield>
      <datafield tag="040" ind1=" " ind2=" ">
         <subfield code="a">DE-633</subfield>
         <subfield code="c">DE-633</subfield>
         <subfield code="e">rismg</subfield>
      </datafield>
      <datafield tag="043" ind1=" " ind2=" ">
         <subfield code="c">XA-ES</subfield>
      </datafield>
      <datafield tag="110" ind1="1" ind2=" ">
         <subfield code="a">Catedral de Sevilla. Biblioteca Capitular Colombina</subfield>
         <subfield code="c">Sevilla</subfield>
         <subfield code="g">E-Sco</subfield>
      </datafield>
      <datafield tag="368" ind1=" " ind2=" ">
         <subfield code="a">Institution</subfield>
         <subfield code="a">Library</subfield>
      </datafield>
      <datafield tag="371" ind1=" " ind2=" ">
         <subfield code="a">c/ Alemanes s/n</subfield>
         <subfield code="b">Sevilla</subfield>
         <subfield code="c">Andalucía</subfield>
         <subfield code="d">Spain</subfield>
         <subfield code="e">41004</subfield>
         <subfield code="m">canonigobaic@icolombina.es</subfield>
         <subfield code="u">https://icolombina.es/biblioteca-capitular-sevilla/</subfield>
         <subfield code="z">tel: +34 / 954 56 07 69</subfield>
      </datafield>
      <datafield tag="410" ind1=" " ind2=" ">
         <subfield code="a">Biblioteca Capitular y Colombina</subfield>
      </datafield>
      <datafield tag="410" ind1=" " ind2=" ">
         <subfield code="a">Institución Colombina</subfield>
      </datafield>
      <datafield tag="551" ind1="1" ind2=" ">
         <subfield code="a">Sevilla</subfield>
         <subfield code="0">places/3900140</subfield>
      </datafield>
      <datafield tag="667" ind1=" " ind2=" ">
         <subfield code="a">Published sources: 1</subfield>
      </datafield>
      <datafield tag="680" ind1="1" ind2=" ">
         <subfield code="a">Biblioteca Capitular Colombina: obras musicales manuscritas (desde la Edad Media) e impresas. No integrada aún, aunque gestionadas por la institución: - Librería de coro de la Catedral de Sevilla. Se custodian un total 1.825 obras en 127 legajos, además de 20 libros de polifonía con un total de 150 obras de muy diferentes autores, como Cristóbal de Morales y Francisco Guerrero procedentes del Archivo de la Capilla Musical. Destaca entre los fondos el Cancionero de la Colombina.</subfield>
      </datafield>
   </record>