
   <record>
      <leader>00000nz  a2200000nc 4500</leader>
      <controlfield tag="001">institutions/30079561</controlfield>
      <controlfield tag="003">DE-633</controlfield>
      <controlfield tag="005">20250620052125.0</controlfield>
      <controlfield tag="008">161109||||z|||a|||||||||||||||||n||||||d</controlfield>
      <datafield tag="024" ind1="7" ind2=" ">
         <subfield code="a">E-Ssc</subfield>
         <subfield code="q">siglum</subfield>
         <subfield code="2">rism</subfield>
      </datafield>
      <datafield tag="040" ind1=" " ind2=" ">
         <subfield code="a">DE-633</subfield>
         <subfield code="c">DE-633</subfield>
         <subfield code="e">rismg</subfield>
      </datafield>
      <datafield tag="043" ind1=" " ind2=" ">
         <subfield code="c">XA-ES</subfield>
      </datafield>
      <datafield tag="110" ind1="2" ind2=" ">
         <subfield code="a">Real Monasterio de Santa Clara. Archivo</subfield>
         <subfield code="c">Sevilla</subfield>
         <subfield code="g">E-Ssc</subfield>
      </datafield>
      <datafield tag="368" ind1=" " ind2=" ">
         <subfield code="a">Institution</subfield>
      </datafield>
      <datafield tag="368" ind1=" " ind2=" ">
         <subfield code="a">Library</subfield>
      </datafield>
      <datafield tag="371" ind1=" " ind2=" ">
         <subfield code="a">Real Monasterio de Santa Clara. Archivo, c/ Santa Clara, 23, 41002 Sevilla, Spain</subfield>
         <subfield code="u">http://www.espaciosantaclara.org/</subfield>
      </datafield>
      <datafield tag="551" ind1=" " ind2=" ">
         <subfield code="a">Sevilla</subfield>
         <subfield code="0">places/3900140</subfield>
      </datafield>
      <datafield tag="680" ind1=" " ind2=" ">
         <subfield code="a">Part of the musical archives of the Claras convent (nuns) in Seville, has been located since 2001 in the Library of the Faculty of Geography and History of the Complutense University of Madrid. It is being cataloged for the first time, although a first inventory has been completed. The main part of the archive contains manuscripts of sacred music of the 18th  and 19th centuries: books and manuscripts loose pages with keyboard pieces to be performed by the nuns. There are also handwritten copies of sacred works for voice and orchestra by composers of the 19th century.</subfield>
      </datafield>
   </record>