
   <record>
      <leader>00000nz  a2200000nc 4500</leader>
      <controlfield tag="001">institutions/30079584</controlfield>
      <controlfield tag="003">DE-633</controlfield>
      <controlfield tag="005">20250620052125.0</controlfield>
      <controlfield tag="008">161109||||z|||a|||||||||||||||||n||||||d</controlfield>
      <datafield tag="024" ind1="7" ind2=" ">
         <subfield code="a">E-TAL</subfield>
         <subfield code="q">siglum</subfield>
         <subfield code="2">rism</subfield>
      </datafield>
      <datafield tag="040" ind1=" " ind2=" ">
         <subfield code="a">DE-633</subfield>
         <subfield code="c">DE-633</subfield>
         <subfield code="e">rismg</subfield>
      </datafield>
      <datafield tag="043" ind1=" " ind2=" ">
         <subfield code="c">XA-ES</subfield>
      </datafield>
      <datafield tag="110" ind1="2" ind2=" ">
         <subfield code="a">Archivo de la Colegiata de Talavera de la Reina</subfield>
         <subfield code="c">Talavera de la Reina</subfield>
         <subfield code="g">E-TAL</subfield>
      </datafield>
      <datafield tag="368" ind1=" " ind2=" ">
         <subfield code="a">Institution</subfield>
      </datafield>
      <datafield tag="368" ind1=" " ind2=" ">
         <subfield code="a">Library</subfield>
      </datafield>
      <datafield tag="371" ind1=" " ind2=" ">
         <subfield code="a">Archivo de la Colegiata de Talavera de,  la Reina, c/ Perdón, 1, 45600 Talavera de la Reina, Spain</subfield>
      </datafield>
      <datafield tag="551" ind1=" " ind2=" ">
         <subfield code="a">Talavera de la Reina</subfield>
         <subfield code="0">places/3905542</subfield>
      </datafield>
      <datafield tag="680" ind1=" " ind2=" ">
         <subfield code="a">There are 32 choir books in the collegiate church, 4 of them polyphonic. In the archive, there are works preserved "a papeles" (in individual parts or papers) from the 18th century, by authors such as Francisco Eugenio García, Vicente Almándiga or José Cortasa.  -Holdings (Fondo) of the musical chapel of the Colegiata de Santa María La Mayor (Collegiate church of St. Mary the Great)</subfield>
      </datafield>
   </record>