
   <record>
      <leader>00000nz  a2200000nc 4500</leader>
      <controlfield tag="001">institutions/30079067</controlfield>
      <controlfield tag="003">DE-633</controlfield>
      <controlfield tag="005">20250620052121.0</controlfield>
      <controlfield tag="008">161109||||z|||a|||||||||||||||||n||||||d</controlfield>
      <datafield tag="024" ind1="7" ind2=" ">
         <subfield code="a">E-TAR</subfield>
         <subfield code="q">siglum</subfield>
         <subfield code="2">rism</subfield>
      </datafield>
      <datafield tag="040" ind1=" " ind2=" ">
         <subfield code="a">DE-633</subfield>
         <subfield code="c">DE-633</subfield>
         <subfield code="e">rismg</subfield>
      </datafield>
      <datafield tag="043" ind1=" " ind2=" ">
         <subfield code="c">XA-ES</subfield>
      </datafield>
      <datafield tag="110" ind1="2" ind2=" ">
         <subfield code="a">Arxiu Comarcal de l’Urgell (ACUR)</subfield>
         <subfield code="c">Tàrrega</subfield>
         <subfield code="g">E-TAR</subfield>
      </datafield>
      <datafield tag="368" ind1=" " ind2=" ">
         <subfield code="a">Institution</subfield>
      </datafield>
      <datafield tag="368" ind1=" " ind2=" ">
         <subfield code="a">Library</subfield>
      </datafield>
      <datafield tag="371" ind1=" " ind2=" ">
         <subfield code="a">Arxiu Comarcal de l’Urgell (ACUR), Carrer de les Sitges, 4 i 6, 25300 Tàrrega, Spain</subfield>
         <subfield code="u">http://cultura.gencat.cat/arxius/acur</subfield>
      </datafield>
      <datafield tag="410" ind1="2" ind2=" ">
         <subfield code="a">Arxiu Històric Comarcal de Tàrrega</subfield>
      </datafield>
      <datafield tag="551" ind1=" " ind2=" ">
         <subfield code="a">Tàrrega</subfield>
         <subfield code="0">places/3023002</subfield>
      </datafield>
      <datafield tag="680" ind1=" " ind2=" ">
         <subfield code="a">Fondos y colecciones: - Fondo Maria Teresa Pintó Pijuan - Fondos del Orfeó Nova Tàrrega, Segle XX y de la Societat Coral la Lira Tarraguense - Fondo Ramón Florensa - Fondo Ramón Carnicer</subfield>
      </datafield>
   </record>