
   <record>
      <leader>00000nz  a2200000nc 4500</leader>
      <controlfield tag="001">institutions/30079613</controlfield>
      <controlfield tag="003">DE-633</controlfield>
      <controlfield tag="005">20250620052125.0</controlfield>
      <controlfield tag="008">161109||||z|||a|||||||||||||||||n||||||d</controlfield>
      <datafield tag="024" ind1="7" ind2=" ">
         <subfield code="a">E-TAha</subfield>
         <subfield code="q">siglum</subfield>
         <subfield code="2">rism</subfield>
      </datafield>
      <datafield tag="040" ind1=" " ind2=" ">
         <subfield code="a">DE-633</subfield>
         <subfield code="c">DE-633</subfield>
         <subfield code="e">rismg</subfield>
      </datafield>
      <datafield tag="043" ind1=" " ind2=" ">
         <subfield code="c">XA-ES</subfield>
      </datafield>
      <datafield tag="110" ind1="2" ind2=" ">
         <subfield code="a">Arxiu Històric Arxidiocesà de Tarragona (AHAT)</subfield>
         <subfield code="c">Tarragona</subfield>
         <subfield code="g">E-TAha</subfield>
      </datafield>
      <datafield tag="368" ind1=" " ind2=" ">
         <subfield code="a">Institution</subfield>
      </datafield>
      <datafield tag="368" ind1=" " ind2=" ">
         <subfield code="a">Library</subfield>
      </datafield>
      <datafield tag="371" ind1=" " ind2=" ">
         <subfield code="a">Arxiu Històric Arxidiocesà de Tarragona,  (AHAT), Carrer de Sant Pau, 2, 43003  Tarragona, Spain</subfield>
         <subfield code="u">http://www.ahat.cat/</subfield>
      </datafield>
      <datafield tag="551" ind1=" " ind2=" ">
         <subfield code="a">Tarragona</subfield>
         <subfield code="0">places/3903691</subfield>
      </datafield>
      <datafield tag="680" ind1=" " ind2=" ">
         <subfield code="a">It has: - Musical collection of La Selva del Camp de Tarragona composed of 163 manuscripts, 92 by a known composer, and 70 by an anonymous author, of the 19th and 20th centuries.  - Fondo musical Joaquim Rial (Joaquim Rial musical collection) with 300 manuscripts by a known author, of the 20th century.</subfield>
      </datafield>
   </record>