
   <record>
      <leader>00000nz  a2200000nc 4500</leader>
      <controlfield tag="001">institutions/30079221</controlfield>
      <controlfield tag="003">DE-633</controlfield>
      <controlfield tag="005">20250620052123.0</controlfield>
      <controlfield tag="008">161109||||z|||a|||||||||||||||||n||||||d</controlfield>
      <datafield tag="024" ind1="7" ind2=" ">
         <subfield code="a">E-TOR</subfield>
         <subfield code="q">siglum</subfield>
         <subfield code="2">rism</subfield>
      </datafield>
      <datafield tag="040" ind1=" " ind2=" ">
         <subfield code="a">DE-633</subfield>
         <subfield code="c">DE-633</subfield>
         <subfield code="e">rismg</subfield>
      </datafield>
      <datafield tag="043" ind1=" " ind2=" ">
         <subfield code="c">XA-ES</subfield>
      </datafield>
      <datafield tag="110" ind1="2" ind2=" ">
         <subfield code="a">Museu de la Mediterrània. Centre de Documentació del Montgrí, Illes Medes i Baix Ter</subfield>
         <subfield code="c">Torroella de Montgrí</subfield>
         <subfield code="g">E-TOR</subfield>
      </datafield>
      <datafield tag="368" ind1=" " ind2=" ">
         <subfield code="a">Institution</subfield>
      </datafield>
      <datafield tag="368" ind1=" " ind2=" ">
         <subfield code="a">Library</subfield>
      </datafield>
      <datafield tag="371" ind1=" " ind2=" ">
         <subfield code="a">Museu de la Mediterrània. Centre de,  Documentació del Montgrí, Illes Medes i,  Baix Ter, c. Ullà, 27-31, 17257 Torroella de Montgrí, Spain</subfield>
         <subfield code="u">http://www.museudelamediterrania.cat/centre-documentacio.html</subfield>
      </datafield>
      <datafield tag="551" ind1=" " ind2=" ">
         <subfield code="a">Torroella de Montgrí</subfield>
         <subfield code="0">places/3023001</subfield>
      </datafield>
      <datafield tag="680" ind1=" " ind2=" ">
         <subfield code="a">Holdings: - Archivo Montgrins - Josep M. Boix i Risech - Enric Vilà i Armengol - Josep Cristòfol i Parals - Josep Pi i Pasqual - Pere Rigau i Poch - Ricard Viladesau i Caner - Salvador Dabau i Caussà - Vicenç Bou i Geli Moreover, it keeps music scores by Josep Costa i Hugas, Robert de la Riba, Josep Ferrer i Esteve, and Fèlix Graells i Farró, among others.</subfield>
      </datafield>
   </record>