
   <record>
      <leader>00000nz  a2200000nc 4500</leader>
      <controlfield tag="001">institutions/51009030</controlfield>
      <controlfield tag="003">DE-633</controlfield>
      <controlfield tag="005">20250908124636.0</controlfield>
      <controlfield tag="008">250908||||z|||a|||||||||||||||||n||||||d</controlfield>
      <datafield tag="024" ind1="7" ind2=" ">
         <subfield code="a">220145424602386830758</subfield>
         <subfield code="2">VIAF</subfield>
      </datafield>
      <datafield tag="024" ind1="7" ind2=" ">
         <subfield code="a">Q20107278</subfield>
         <subfield code="2">WKP</subfield>
      </datafield>
      <datafield tag="024" ind1="7" ind2=" ">
         <subfield code="a">E-TOacbe</subfield>
         <subfield code="q">siglum</subfield>
         <subfield code="2">rism</subfield>
      </datafield>
      <datafield tag="034" ind1="1" ind2=" ">
         <subfield code="d">0.5248057257034324</subfield>
         <subfield code="f">40.81467597138297</subfield>
      </datafield>
      <datafield tag="040" ind1=" " ind2=" ">
         <subfield code="a">DE-633</subfield>
         <subfield code="c">DE-633</subfield>
         <subfield code="e">rismg</subfield>
      </datafield>
      <datafield tag="043" ind1=" " ind2=" ">
         <subfield code="c">XA-ES</subfield>
      </datafield>
      <datafield tag="110" ind1="1" ind2=" ">
         <subfield code="a">Arxiu Comarcal del Baix Ebre</subfield>
         <subfield code="c">Tortosa</subfield>
         <subfield code="g">E-TOacbe</subfield>
      </datafield>
      <datafield tag="368" ind1=" " ind2=" ">
         <subfield code="a">Institution</subfield>
         <subfield code="a">Archive</subfield>
         <subfield code="a">Library</subfield>
      </datafield>
      <datafield tag="371" ind1=" " ind2=" ">
         <subfield code="a">C/ de Sant Domènec 21-23</subfield>
         <subfield code="b">Tortosa</subfield>
         <subfield code="c">Baix Ebre</subfield>
         <subfield code="d">Spain</subfield>
         <subfield code="e">43500</subfield>
         <subfield code="m">acbaixebre.cultura@gencat.cat</subfield>
         <subfield code="u">https://xac.gencat.cat/ca/llista_arxius_comarcals/baix_ebre/</subfield>
         <subfield code="z">tel: +1 / 977 44 15 25</subfield>
      </datafield>
      <datafield tag="551" ind1="1" ind2=" ">
         <subfield code="a">Tortosa</subfield>
         <subfield code="0">places/3903692</subfield>
      </datafield>
   </record>