
   <record>
      <leader>00000nz  a2200000nc 4500</leader>
      <controlfield tag="001">institutions/30001401</controlfield>
      <controlfield tag="003">DE-633</controlfield>
      <controlfield tag="005">20250620052004.0</controlfield>
      <controlfield tag="008">161109||||z|||a|||||||||||||||||n||||||d</controlfield>
      <datafield tag="024" ind1="7" ind2=" ">
         <subfield code="a">E-TU</subfield>
         <subfield code="q">siglum</subfield>
         <subfield code="2">rism</subfield>
      </datafield>
      <datafield tag="040" ind1=" " ind2=" ">
         <subfield code="a">DE-633</subfield>
         <subfield code="c">DE-633</subfield>
         <subfield code="e">rismg</subfield>
      </datafield>
      <datafield tag="043" ind1=" " ind2=" ">
         <subfield code="c">XA-ES</subfield>
      </datafield>
      <datafield tag="110" ind1="2" ind2=" ">
         <subfield code="a">Archivos Eclesiásticos y Biblioteca. Archivo Musical Catedralicio</subfield>
         <subfield code="c">Tudela</subfield>
         <subfield code="g">E-TU</subfield>
      </datafield>
      <datafield tag="368" ind1=" " ind2=" ">
         <subfield code="a">Library</subfield>
      </datafield>
      <datafield tag="368" ind1=" " ind2=" ">
         <subfield code="a">Institution</subfield>
      </datafield>
      <datafield tag="371" ind1=" " ind2=" ">
         <subfield code="a">Archivos Eclesiásticos y Biblioteca.,  Archivo Musical Catedralicio, Palacio Decanal. Casa de la Iglesia, Plaza San Jaime, 2 – c/ Roso, 2, 31500 Tudela, Spain</subfield>
         <subfield code="u">http://www.palaciodecanaldetudela.com/palacio/archivos.html</subfield>
      </datafield>
      <datafield tag="410" ind1="2" ind2=" ">
         <subfield code="a">Archivo Capitular</subfield>
      </datafield>
      <datafield tag="551" ind1=" " ind2=" ">
         <subfield code="a">Tudela</subfield>
         <subfield code="0">places/3903197</subfield>
      </datafield>
      <datafield tag="667" ind1=" " ind2=" ">
         <subfield code="a">Published sources: 8</subfield>
      </datafield>
      <datafield tag="680" ind1=" " ind2=" ">
         <subfield code="a">El archivo custodia fondos procedentes de parroquias de toda la diócesis, así como de la catedral; podemos destacar el fondo musical de la Parroquia de San Miguel de Corella, que ha sido incorporado y catalogado recientemente. Las obras musicales pueden datarse desde 1750 hasta la actualidad, muchas de ellas responden a un ámbito local. Algunos de los autores más significativos en este archivo son: Hilarión Eslava, Pedro Arnedo, José Castel, Joaquín Castellano, Felipe Gorriti, Joaquín León, Martinchique, Hermenegildo Oñorbe, Julián Pérez, Julián Prieto, Manuel Ramírez, Pablo Rubla, Juan Ángel Sánchez Aragón, Melchor Robledo, etc. Posee además una colección de cantorales.</subfield>
      </datafield>
   </record>