
   <record>
      <leader>00000nz  a2200000nc 4500</leader>
      <controlfield tag="001">institutions/30005834</controlfield>
      <controlfield tag="003">DE-633</controlfield>
      <controlfield tag="005">20250620052042.0</controlfield>
      <controlfield tag="008">161109||||z|||a|||||||||||||||||n||||||d</controlfield>
      <datafield tag="024" ind1="7" ind2=" ">
         <subfield code="a">E-TUY</subfield>
         <subfield code="q">siglum</subfield>
         <subfield code="2">rism</subfield>
      </datafield>
      <datafield tag="040" ind1=" " ind2=" ">
         <subfield code="a">DE-633</subfield>
         <subfield code="c">DE-633</subfield>
         <subfield code="e">rismg</subfield>
      </datafield>
      <datafield tag="043" ind1=" " ind2=" ">
         <subfield code="c">XA-ES</subfield>
      </datafield>
      <datafield tag="110" ind1="2" ind2=" ">
         <subfield code="a">Archivo Capitular de la Catedral de Tui</subfield>
         <subfield code="c">Tui</subfield>
         <subfield code="g">E-TUY</subfield>
      </datafield>
      <datafield tag="368" ind1=" " ind2=" ">
         <subfield code="a">Institution</subfield>
      </datafield>
      <datafield tag="368" ind1=" " ind2=" ">
         <subfield code="a">Library</subfield>
      </datafield>
      <datafield tag="371" ind1=" " ind2=" ">
         <subfield code="a">Archivo Capitular de la Catedral de Tui, Pz. de San Fernando, s/n, 36700 Tui, Spain</subfield>
         <subfield code="u">http://www.diocesetuivigo.org/diocese/catedral.html</subfield>
      </datafield>
      <datafield tag="551" ind1=" " ind2=" ">
         <subfield code="a">Tui</subfield>
         <subfield code="0">places/3904606</subfield>
      </datafield>
      <datafield tag="680" ind1=" " ind2=" ">
         <subfield code="a">Cuenta con obras de los maestros de capilla, legajos musicales desde el siglo XV, cantorales de los siglos XV al XVIII, un Pasionario del XII y un Pontificalis iluminado del XIV. Además, procedentes de Archivo Histórico Diocesano de Tuy/Vigo, conserva pergaminos musicales (el más antiguo del s. XII) de varias parroquias de la diócesis; varios de ellos, con notación aquitana, habían servido para forrar los libros parroquiales.</subfield>
      </datafield>
   </record>