
   <record>
      <leader>00000nz  a2200000nc 4500</leader>
      <controlfield tag="001">institutions/30001402</controlfield>
      <controlfield tag="003">DE-633</controlfield>
      <controlfield tag="005">20250620052004.0</controlfield>
      <controlfield tag="008">161109||||z|||a|||||||||||||||||n||||||d</controlfield>
      <datafield tag="024" ind1="7" ind2=" ">
         <subfield code="a">E-TZ</subfield>
         <subfield code="q">siglum</subfield>
         <subfield code="2">rism</subfield>
      </datafield>
      <datafield tag="040" ind1=" " ind2=" ">
         <subfield code="a">DE-633</subfield>
         <subfield code="c">DE-633</subfield>
         <subfield code="e">rismg</subfield>
      </datafield>
      <datafield tag="043" ind1=" " ind2=" ">
         <subfield code="c">XA-ES</subfield>
      </datafield>
      <datafield tag="110" ind1="2" ind2=" ">
         <subfield code="a">Archivo - Biblioteca Capitular de la Catedral de Tarazona</subfield>
         <subfield code="c">Tarazona</subfield>
         <subfield code="g">E-TZ</subfield>
      </datafield>
      <datafield tag="368" ind1=" " ind2=" ">
         <subfield code="a">Library</subfield>
      </datafield>
      <datafield tag="368" ind1=" " ind2=" ">
         <subfield code="a">Institution</subfield>
      </datafield>
      <datafield tag="371" ind1=" " ind2=" ">
         <subfield code="a">Archivo - Biblioteca Capitular de la,  Catedral de Tarazona, c/ Iglesias, s/n, 50500 Tarazona, Spain</subfield>
         <subfield code="u">http://www.catedraldetarazona.es/</subfield>
      </datafield>
      <datafield tag="551" ind1=" " ind2=" ">
         <subfield code="a">Tarazona</subfield>
         <subfield code="0">places/3903198</subfield>
      </datafield>
      <datafield tag="667" ind1=" " ind2=" ">
         <subfield code="a">Published sources: 57</subfield>
      </datafield>
      <datafield tag="680" ind1=" " ind2=" ">
         <subfield code="a">Contiene tres códices de canto gregoriano, y códices manuscritos de los siglos XV y XVI con obras de Alonso Pérez de Alba, Juan de Anchieta, Compère, Pedro de Escobar, Josquin Des Prez, Francisco de Peñalosa o Johannes Wreede entre otros. Además se conservan varios instrumentos de la Capilla de Música de la Catedral.</subfield>
      </datafield>
   </record>