
   <record>
      <leader>00000nz  a2200000nc 4500</leader>
      <controlfield tag="001">institutions/51006536</controlfield>
      <controlfield tag="003">DE-633</controlfield>
      <controlfield tag="005">20250620052309.0</controlfield>
      <controlfield tag="008">220607||||z|||a|||||||||||||||||n||||||d</controlfield>
      <datafield tag="024" ind1="7" ind2=" ">
         <subfield code="a">156996629</subfield>
         <subfield code="2">VIAF</subfield>
      </datafield>
      <datafield tag="024" ind1="7" ind2=" ">
         <subfield code="a">Q11641279</subfield>
         <subfield code="2">WKP</subfield>
      </datafield>
      <datafield tag="024" ind1="7" ind2=" ">
         <subfield code="a">E-Tahn</subfield>
         <subfield code="q">siglum</subfield>
         <subfield code="2">rism</subfield>
      </datafield>
      <datafield tag="034" ind1="1" ind2=" ">
         <subfield code="d">-4.023893266481942</subfield>
         <subfield code="f">39.8651254556697</subfield>
      </datafield>
      <datafield tag="040" ind1=" " ind2=" ">
         <subfield code="a">DE-633</subfield>
         <subfield code="c">DE-633</subfield>
         <subfield code="e">rismg</subfield>
      </datafield>
      <datafield tag="043" ind1=" " ind2=" ">
         <subfield code="c">XA-ES</subfield>
      </datafield>
      <datafield tag="110" ind1="1" ind2=" ">
         <subfield code="a">Archivo Histórico de la Nobleza</subfield>
         <subfield code="c">Toledo</subfield>
         <subfield code="g">E-Tahn</subfield>
      </datafield>
      <datafield tag="368" ind1=" " ind2=" ">
         <subfield code="a">Institution</subfield>
         <subfield code="a">Library</subfield>
         <subfield code="a">Archive</subfield>
      </datafield>
      <datafield tag="371" ind1=" " ind2=" ">
         <subfield code="a">C/ Duque de Lerma, 2</subfield>
         <subfield code="b">45003 Toledo</subfield>
         <subfield code="d">Spain</subfield>
         <subfield code="m">nobleza@cultura.gob.es</subfield>
         <subfield code="u">https://www.culturaydeporte.gob.es/cultura/areas/archivos/mc/archivos/nhn/portada.html</subfield>
         <subfield code="z">tel: +34 / 92 521 03 54</subfield>
         <subfield code="z">fax: +34 / 92 521 06 68</subfield>
      </datafield>
      <datafield tag="551" ind1="1" ind2=" ">
         <subfield code="a">Toledo</subfield>
         <subfield code="0">places/3903195</subfield>
      </datafield>
   </record>