
   <record>
      <leader>00000nz  a2200000nc 4500</leader>
      <controlfield tag="001">institutions/30001399</controlfield>
      <controlfield tag="003">DE-633</controlfield>
      <controlfield tag="005">20250620052004.0</controlfield>
      <controlfield tag="008">161109||||z|||a|||||||||||||||||n||||||d</controlfield>
      <datafield tag="024" ind1="7" ind2=" ">
         <subfield code="a">E-Tc</subfield>
         <subfield code="q">siglum</subfield>
         <subfield code="2">rism</subfield>
      </datafield>
      <datafield tag="040" ind1=" " ind2=" ">
         <subfield code="a">DE-633</subfield>
         <subfield code="c">DE-633</subfield>
         <subfield code="e">rismg</subfield>
      </datafield>
      <datafield tag="043" ind1=" " ind2=" ">
         <subfield code="c">XA-ES</subfield>
      </datafield>
      <datafield tag="110" ind1="2" ind2=" ">
         <subfield code="a">Archivo y Biblioteca Capitulares de la Catedral de Toledo</subfield>
         <subfield code="c">Toledo</subfield>
         <subfield code="g">E-Tc</subfield>
      </datafield>
      <datafield tag="368" ind1=" " ind2=" ">
         <subfield code="a">Library</subfield>
      </datafield>
      <datafield tag="368" ind1=" " ind2=" ">
         <subfield code="a">Institution</subfield>
      </datafield>
      <datafield tag="371" ind1=" " ind2=" ">
         <subfield code="a">Archivo y Biblioteca Capitulares de la,  Catedral de Toledo, c/ Hombre de Palo, 2, 45001 Toledo, Spain</subfield>
         <subfield code="u">http://www.catedralprimada.es/archivo_capitular_informacion/</subfield>
      </datafield>
      <datafield tag="551" ind1=" " ind2=" ">
         <subfield code="a">Toledo</subfield>
         <subfield code="0">places/3903195</subfield>
      </datafield>
      <datafield tag="667" ind1=" " ind2=" ">
         <subfield code="a">Published sources: 14</subfield>
      </datafield>
      <datafield tag="680" ind1=" " ind2=" ">
         <subfield code="a">Conserva documentos desde el siglo XI, destacando los libros que contienen la liturgia española mozárabe, así como un importante número de obras de Cristóbal de Morales. El fondo de cantorales de canto llano lo integran 203 volúmenes: 153 de pergamino y 50 volúmenes de menor formato. Hay que añadir los 4 cantorales mozárabes del siglo XVI del cardenal Cisneros, y 2 antifonarios aquitanos, de origen francés, escritos en los siglos XI y XII. El fondo de cantorales polifónicos lo componen 35 volúmenes de los más renombrados maestros de capilla de la catedral toledana y de otros prestigiosos músicos. Lo integran más de 700 composiciones musicales, de 70 autores diferentes, además de algunas obras anónimas.</subfield>
      </datafield>
   </record>