
   <record>
      <leader>00000nz  a2200000nc 4500</leader>
      <controlfield tag="001">institutions/30002972</controlfield>
      <controlfield tag="003">DE-633</controlfield>
      <controlfield tag="005">20250620052017.0</controlfield>
      <controlfield tag="008">161109||||z|||a|||||||||||||||||n||||||d</controlfield>
      <datafield tag="024" ind1="7" ind2=" ">
         <subfield code="a">E-Tp</subfield>
         <subfield code="q">siglum</subfield>
         <subfield code="2">rism</subfield>
      </datafield>
      <datafield tag="040" ind1=" " ind2=" ">
         <subfield code="a">DE-633</subfield>
         <subfield code="c">DE-633</subfield>
         <subfield code="e">rismg</subfield>
      </datafield>
      <datafield tag="043" ind1=" " ind2=" ">
         <subfield code="c">XA-ES</subfield>
      </datafield>
      <datafield tag="110" ind1="2" ind2=" ">
         <subfield code="a">Biblioteca de Castilla - La Mancha</subfield>
         <subfield code="c">Toledo</subfield>
         <subfield code="g">E-Tp</subfield>
      </datafield>
      <datafield tag="368" ind1=" " ind2=" ">
         <subfield code="a">Library</subfield>
      </datafield>
      <datafield tag="368" ind1=" " ind2=" ">
         <subfield code="a">Institution</subfield>
      </datafield>
      <datafield tag="371" ind1=" " ind2=" ">
         <subfield code="a">Biblioteca de Castilla - La Mancha, Cuesta de Carlos V, s/n, 45001 Toledo, Spain</subfield>
         <subfield code="u">http://www.castillalamancha.es/biblioclm/la_biblioteca.asp</subfield>
      </datafield>
      <datafield tag="410" ind1="2" ind2=" ">
         <subfield code="a">Biblioteca Pública Provincial y Museo de la Santa Cruz</subfield>
      </datafield>
      <datafield tag="551" ind1=" " ind2=" ">
         <subfield code="a">Toledo</subfield>
         <subfield code="0">places/3903195</subfield>
      </datafield>
      <datafield tag="667" ind1=" " ind2=" ">
         <subfield code="a">Published sources: 1</subfield>
      </datafield>
      <datafield tag="680" ind1=" " ind2=" ">
         <subfield code="a">Importante fondo antiguo que incluye obras de los siglos IX al XI y manuscritos litúrgicos e impresos de los siglos XV al XVIII, entre los que se incluye importantes tratados musicales de Eximeno, Nassarre o Martini. Contiene la Colección Borbón - Lorenzana, con manuscritos de carácter litúrgico, especialmente misales, muchos de ellos profusamente iluminados. El fondo está catalogado y accesible a través del Fondo Antiguo de las Bibliotecas de Castilla-La Mancha</subfield>
      </datafield>
   </record>