
   <record>
      <leader>00000nz  a2200000nc 4500</leader>
      <controlfield tag="001">institutions/30006226</controlfield>
      <controlfield tag="003">DE-633</controlfield>
      <controlfield tag="005">20250620052046.0</controlfield>
      <controlfield tag="008">161109||||z|||a|||||||||||||||||n||||||d</controlfield>
      <datafield tag="024" ind1="7" ind2=" ">
         <subfield code="a">E-Ujd</subfield>
         <subfield code="q">siglum</subfield>
         <subfield code="2">rism</subfield>
      </datafield>
      <datafield tag="040" ind1=" " ind2=" ">
         <subfield code="a">DE-633</subfield>
         <subfield code="c">DE-633</subfield>
         <subfield code="e">rismg</subfield>
      </datafield>
      <datafield tag="043" ind1=" " ind2=" ">
         <subfield code="c">XA-ES</subfield>
      </datafield>
      <datafield tag="110" ind1="2" ind2=" ">
         <subfield code="a">Centro Etnográfico de Documentación. Fundación Joaquín Díaz</subfield>
         <subfield code="c">Urueña</subfield>
         <subfield code="g">E-Ujd</subfield>
      </datafield>
      <datafield tag="368" ind1=" " ind2=" ">
         <subfield code="a">Institution</subfield>
      </datafield>
      <datafield tag="368" ind1=" " ind2=" ">
         <subfield code="a">Library</subfield>
      </datafield>
      <datafield tag="371" ind1=" " ind2=" ">
         <subfield code="a">Centro Etnográfico de Documentación.,  Fundación Joaquín Díaz, c/ Real, 4, 47862 Urueña</subfield>
         <subfield code="u">http://funjdiaz.net/</subfield>
      </datafield>
      <datafield tag="551" ind1=" " ind2=" ">
         <subfield code="a">Urueña</subfield>
         <subfield code="0">places/3904694</subfield>
      </datafield>
      <datafield tag="680" ind1=" " ind2=" ">
         <subfield code="a">Entre sus variados fondos, posee colecciones de instrumentos musicales, de pliegos de cordel, de aleluyas, además de una colección discográfica y otra de campanas. Alberga también el Museo del gramófono. Dispone de Fonoteca y Biblioteca. La mayoría de las piezas pueden verse en su museo virtual.</subfield>
      </datafield>
   </record>