
   <record>
      <leader>00000nz  a2200000nc 4500</leader>
      <controlfield tag="001">institutions/30001403</controlfield>
      <controlfield tag="003">DE-633</controlfield>
      <controlfield tag="005">20250620052004.0</controlfield>
      <controlfield tag="008">161109||||z|||a|||||||||||||||||n||||||d</controlfield>
      <datafield tag="024" ind1="7" ind2=" ">
         <subfield code="a">E-V</subfield>
         <subfield code="q">siglum</subfield>
         <subfield code="2">rism</subfield>
      </datafield>
      <datafield tag="040" ind1=" " ind2=" ">
         <subfield code="a">DE-633</subfield>
         <subfield code="c">DE-633</subfield>
         <subfield code="e">rismg</subfield>
      </datafield>
      <datafield tag="043" ind1=" " ind2=" ">
         <subfield code="c">XA-ES</subfield>
      </datafield>
      <datafield tag="110" ind1="2" ind2=" ">
         <subfield code="a">Archivo Musical de la Catedral de Valladolid</subfield>
         <subfield code="c">Valladolid</subfield>
         <subfield code="g">E-V</subfield>
      </datafield>
      <datafield tag="368" ind1=" " ind2=" ">
         <subfield code="a">Library</subfield>
      </datafield>
      <datafield tag="368" ind1=" " ind2=" ">
         <subfield code="a">Institution</subfield>
      </datafield>
      <datafield tag="371" ind1=" " ind2=" ">
         <subfield code="a">Archivo Musical de la Catedral de,  Valladolid, c/ Arribas, 1, 47002 Valladolid, Spain</subfield>
         <subfield code="u">http://www.archivalladolid.org/la_catedral_de_valladolid.htm#Archivo%20Musical</subfield>
      </datafield>
      <datafield tag="551" ind1=" " ind2=" ">
         <subfield code="a">Valladolid</subfield>
         <subfield code="0">places/3903199</subfield>
      </datafield>
      <datafield tag="667" ind1=" " ind2=" ">
         <subfield code="a">Published sources: 113</subfield>
      </datafield>
      <datafield tag="680" ind1=" " ind2=" ">
         <subfield code="a">Contiene cerca de 6.000 obras. Cronológicamente arrancan desde fines del siglo XV y principios del XVI con los nombres de Josquin des Prez y Juan de Anchieta. Figuran polifonistas de las escuelas flamenca y española, una colección de impresos del siglo XVI, prácticamente toda ella de música profana de autores italianos y músicos franco-flamencos residentes en Italia durante el siglo XVI. Así mismo aparecen importantes tratados de música de autores españoles y extranjeros. Destaca una importante colección de tonos humanos y música para escena vinculada al teatro calderoniano, y tonadillas escénicas. Desde el siglo XVII al XX el archivo se va incrementando en miles de obras, gracias, principalmente, a la aportación de sus maestros de capilla.</subfield>
      </datafield>
   </record>