
   <record>
      <leader>00000nz  a2200000nc 4500</leader>
      <controlfield tag="001">institutions/30006228</controlfield>
      <controlfield tag="003">DE-633</controlfield>
      <controlfield tag="005">20250620052046.0</controlfield>
      <controlfield tag="008">161109||||z|||a|||||||||||||||||n||||||d</controlfield>
      <datafield tag="024" ind1="7" ind2=" ">
         <subfield code="a">E-VALm</subfield>
         <subfield code="q">siglum</subfield>
         <subfield code="2">rism</subfield>
      </datafield>
      <datafield tag="040" ind1=" " ind2=" ">
         <subfield code="a">DE-633</subfield>
         <subfield code="c">DE-633</subfield>
         <subfield code="e">rismg</subfield>
      </datafield>
      <datafield tag="043" ind1=" " ind2=" ">
         <subfield code="c">XA-ES</subfield>
      </datafield>
      <datafield tag="110" ind1="2" ind2=" ">
         <subfield code="a">Museo Chopin de Valldemosa. Celda nº 4</subfield>
         <subfield code="c">Valldemosa</subfield>
         <subfield code="g">E-VALm</subfield>
      </datafield>
      <datafield tag="368" ind1=" " ind2=" ">
         <subfield code="a">Institution</subfield>
      </datafield>
      <datafield tag="368" ind1=" " ind2=" ">
         <subfield code="a">Library</subfield>
      </datafield>
      <datafield tag="371" ind1=" " ind2=" ">
         <subfield code="a">Museo Chopin de Valldemosa. Celda nº 4, Cartuja de Valldemosa, 07170 Valldemosa, Spain</subfield>
         <subfield code="u">http://www.celdadechopin.es/</subfield>
      </datafield>
      <datafield tag="410" ind1="2" ind2=" ">
         <subfield code="a">Museo de Fryderyk Chopin y George Sand</subfield>
      </datafield>
      <datafield tag="551" ind1=" " ind2=" ">
         <subfield code="a">Valldemosa</subfield>
         <subfield code="0">places/3904695</subfield>
      </datafield>
      <datafield tag="680" ind1=" " ind2=" ">
         <subfield code="a">Alberga el piano Pleyel de Chopin, el más antiguo de los conservados en la actualidad del compositor; se mantiene sin modificación alguna. El museo expone también la carta original de Chopin enviada a Mallorca para solventar los asuntos de la venta del piano, la llave original de afinación y las llaves originales de las tapas del instrumento, además de otros documentos históricos relacionados con el piano. Exhibe asimismo los originales de las primeras ediciones de sus obras compuestas en Mallorca.</subfield>
      </datafield>
   </record>