
   <record>
      <leader>00000nz  a2200000nc 4500</leader>
      <controlfield tag="001">institutions/51008866</controlfield>
      <controlfield tag="003">DE-633</controlfield>
      <controlfield tag="005">20250625135950.0</controlfield>
      <controlfield tag="008">250625||||z|||a|||||||||||||||||n||||||d</controlfield>
      <datafield tag="024" ind1="7" ind2=" ">
         <subfield code="a">154327859</subfield>
         <subfield code="2">VIAF</subfield>
      </datafield>
      <datafield tag="024" ind1="7" ind2=" ">
         <subfield code="a">Q85818062</subfield>
         <subfield code="2">WKP</subfield>
      </datafield>
      <datafield tag="024" ind1="7" ind2=" ">
         <subfield code="a">E-VAbmsm</subfield>
         <subfield code="q">siglum</subfield>
         <subfield code="2">rism</subfield>
      </datafield>
      <datafield tag="034" ind1="1" ind2=" ">
         <subfield code="d">-0.37021764083446734</subfield>
         <subfield code="f">39.47417458305468</subfield>
      </datafield>
      <datafield tag="040" ind1=" " ind2=" ">
         <subfield code="a">DE-633</subfield>
         <subfield code="c">DE-633</subfield>
         <subfield code="e">rismg</subfield>
      </datafield>
      <datafield tag="043" ind1=" " ind2=" ">
         <subfield code="c">XA-ES</subfield>
      </datafield>
      <datafield tag="110" ind1="1" ind2=" ">
         <subfield code="a">Biblioteca Municipal Serrano Morales</subfield>
         <subfield code="c">València</subfield>
         <subfield code="g">E-VAbmsm</subfield>
      </datafield>
      <datafield tag="368" ind1=" " ind2=" ">
         <subfield code="a">Institution</subfield>
         <subfield code="a">Library</subfield>
      </datafield>
      <datafield tag="371" ind1=" " ind2=" ">
         <subfield code="a">Palau de Cervelló</subfield>
         <subfield code="a">Pl. Tetuán, 3, Ciutat Vella</subfield>
         <subfield code="b">València</subfield>
         <subfield code="c">Comunitat Valenciana</subfield>
         <subfield code="d">Spain</subfield>
         <subfield code="e">46003</subfield>
         <subfield code="m">serranomorales@valencia.es</subfield>
         <subfield code="u">https://www.valencia.es/-/infociutat-biblioteca-municipal-serrano-morales</subfield>
         <subfield code="z">tel: +34 / 96.352.54.78 - ext. 2663</subfield>
      </datafield>
      <datafield tag="551" ind1="1" ind2=" ">
         <subfield code="a">València</subfield>
         <subfield code="0">places/3902784</subfield>
      </datafield>
   </record>