
   <record>
      <leader>00000nz  a2200000nc 4500</leader>
      <controlfield tag="001">institutions/30070455</controlfield>
      <controlfield tag="003">DE-633</controlfield>
      <controlfield tag="005">20250620052106.0</controlfield>
      <controlfield tag="008">161109||||z|||a|||||||||||||||||n||||||d</controlfield>
      <datafield tag="024" ind1="7" ind2=" ">
         <subfield code="a">121581667</subfield>
         <subfield code="2">VIAF</subfield>
      </datafield>
      <datafield tag="024" ind1="7" ind2=" ">
         <subfield code="a">Q8247561</subfield>
         <subfield code="2">WKP</subfield>
      </datafield>
      <datafield tag="024" ind1="7" ind2=" ">
         <subfield code="a">E-VAbv</subfield>
         <subfield code="q">siglum</subfield>
         <subfield code="2">rism</subfield>
      </datafield>
      <datafield tag="034" ind1="1" ind2=" ">
         <subfield code="d">-0.3695297376551998</subfield>
         <subfield code="f">39.499243131082665</subfield>
      </datafield>
      <datafield tag="040" ind1=" " ind2=" ">
         <subfield code="a">DE-633</subfield>
         <subfield code="c">DE-633</subfield>
         <subfield code="e">rismg</subfield>
      </datafield>
      <datafield tag="043" ind1=" " ind2=" ">
         <subfield code="c">XA-ES</subfield>
      </datafield>
      <datafield tag="110" ind1="1" ind2=" ">
         <subfield code="a">Biblioteca Valenciana Nicolau Primitiu</subfield>
         <subfield code="c">València</subfield>
         <subfield code="g">E-VAbv</subfield>
      </datafield>
      <datafield tag="368" ind1=" " ind2=" ">
         <subfield code="a">Institution</subfield>
      </datafield>
      <datafield tag="368" ind1=" " ind2=" ">
         <subfield code="a">Library</subfield>
      </datafield>
      <datafield tag="371" ind1=" " ind2=" ">
         <subfield code="a">Monestir Sant Miquel dels Reis</subfield>
         <subfield code="a">Avinguda de la Constitució, 284</subfield>
         <subfield code="b">46019 València</subfield>
         <subfield code="c">Comunitat Valenciana</subfield>
         <subfield code="d">Spain</subfield>
         <subfield code="m">bv@gva.es</subfield>
         <subfield code="u">https://bv.gva.es/va/</subfield>
         <subfield code="z">tel: +34 / 96-387 40 00</subfield>
         <subfield code="z">fax: +34 / 96-387 40 37</subfield>
      </datafield>
      <datafield tag="551" ind1="1" ind2=" ">
         <subfield code="a">València</subfield>
         <subfield code="0">places/3902784</subfield>
      </datafield>
      <datafield tag="680" ind1="1" ind2=" ">
         <subfield code="a">Keeps 1,421 handwritten music scores. Collections: - Eduardo López-Chavarri - Biblioteca Salvá-Mallén - Agustín Alamán - Miguel Asins-Arbó - Luis Sánchez</subfield>
      </datafield>
   </record>