
   <record>
      <leader>00000nz  a2200000nc 4500</leader>
      <controlfield tag="001">institutions/30001404</controlfield>
      <controlfield tag="003">DE-633</controlfield>
      <controlfield tag="005">20250620052004.0</controlfield>
      <controlfield tag="008">161109||||z|||a|||||||||||||||||n||||||d</controlfield>
      <datafield tag="024" ind1="7" ind2=" ">
         <subfield code="a">E-VAc</subfield>
         <subfield code="q">siglum</subfield>
         <subfield code="2">rism</subfield>
      </datafield>
      <datafield tag="040" ind1=" " ind2=" ">
         <subfield code="a">DE-633</subfield>
         <subfield code="c">DE-633</subfield>
         <subfield code="e">rismg</subfield>
      </datafield>
      <datafield tag="043" ind1=" " ind2=" ">
         <subfield code="c">XA-ES</subfield>
      </datafield>
      <datafield tag="110" ind1="2" ind2=" ">
         <subfield code="a">Archivo Musical de la Catedral de Valencia</subfield>
         <subfield code="c">València</subfield>
         <subfield code="g">E-VAc</subfield>
      </datafield>
      <datafield tag="368" ind1=" " ind2=" ">
         <subfield code="a">Library</subfield>
      </datafield>
      <datafield tag="368" ind1=" " ind2=" ">
         <subfield code="a">Institution</subfield>
      </datafield>
      <datafield tag="371" ind1=" " ind2=" ">
         <subfield code="a">Archivo Musical de la Catedral de,  Valencia, Pl. de la Almoina, s/n, 46071 Valencia, Spain</subfield>
         <subfield code="u">http://www.catedraldevalencia.es/archivo_musical.php</subfield>
      </datafield>
      <datafield tag="551" ind1=" " ind2=" ">
         <subfield code="a">València</subfield>
         <subfield code="0">places/3902784</subfield>
      </datafield>
      <datafield tag="667" ind1=" " ind2=" ">
         <subfield code="a">Published sources: 12</subfield>
      </datafield>
      <datafield tag="680" ind1=" " ind2=" ">
         <subfield code="a">Los documentos musicales más antiguos se remontan al siglo XIII. Destacan también, unas epístolas "farcidas" de Navidad y de San Esteban del siglo XV. Aunque guarda obras de muchos y diversos compositores nacionales, como Francisco Guerrero y Sebastián Aguilera de Heredia, y extranjeros, el fondo fundamental lo forman las obras de los mismos maestros organistas de la catedral: Gines Pérez, J. B. Comes, Cabanilles, Ortells, Pradas, Rodríguez Monllor, Pons, Cabo, etc. que sumaban hasta el siglo XX 3.500 obras. Posee una gran colección de obras para órgano, especialmente francesas, del siglo XIX. Además de las obras polifónicas, hay más de cien libros corales con melodías gregorianas, pertenecientes, en general, al s. XVIII.</subfield>
      </datafield>
   </record>