
   <record>
      <leader>00000nz  a2200000nc 4500</leader>
      <controlfield tag="001">institutions/30000073</controlfield>
      <controlfield tag="003">DE-633</controlfield>
      <controlfield tag="005">20250620051952.0</controlfield>
      <controlfield tag="008">161109||||z|||a|||||||||||||||||n||||||d</controlfield>
      <datafield tag="024" ind1="7" ind2=" ">
         <subfield code="a">E-VAcp</subfield>
         <subfield code="q">siglum</subfield>
         <subfield code="2">rism</subfield>
      </datafield>
      <datafield tag="034" ind1="1" ind2=" ">
         <subfield code="d">-0.3729778</subfield>
         <subfield code="f">39.4723327</subfield>
      </datafield>
      <datafield tag="040" ind1=" " ind2=" ">
         <subfield code="a">DE-633</subfield>
         <subfield code="c">DE-633</subfield>
         <subfield code="e">rismg</subfield>
      </datafield>
      <datafield tag="043" ind1=" " ind2=" ">
         <subfield code="c">XA-ES</subfield>
      </datafield>
      <datafield tag="110" ind1="1" ind2=" ">
         <subfield code="a">Archivo del Real Colegio-Seminario del Corpus Christi</subfield>
         <subfield code="c">València</subfield>
         <subfield code="g">E-VAcp</subfield>
      </datafield>
      <datafield tag="368" ind1=" " ind2=" ">
         <subfield code="a">Library</subfield>
      </datafield>
      <datafield tag="368" ind1=" " ind2=" ">
         <subfield code="a">Institution</subfield>
      </datafield>
      <datafield tag="371" ind1=" " ind2=" ">
         <subfield code="a">Archivo del Real Colegio-Seminario del,  Corpus Christi, Iglesia del Patriarca, c/ de la Nau, 1, 46002 Valencia, Spain</subfield>
         <subfield code="u">http://www.seminariocorpuschristi.org/#!archivo-biblioteca/c1pkc</subfield>
      </datafield>
      <datafield tag="551" ind1="1" ind2=" ">
         <subfield code="a">València</subfield>
         <subfield code="0">places/3902784</subfield>
      </datafield>
      <datafield tag="667" ind1=" " ind2=" ">
         <subfield code="a">Published sources: 427</subfield>
      </datafield>
      <datafield tag="680" ind1="1" ind2=" ">
         <subfield code="a">Constituye el mayor fondo histórico musical valenciano. Sus documentos datan desde finales del siglo XVI hasta comienzos del siglo XXI, presentan una gran variedad de tipologías y formatos (manuscritos, impresos, monografías, publicaciones periódicas, libros de coro, discos compactos, programas de conciertos). Actualmente, estos fondos se han organizado en Capilla de Música, Legados y Biblioteca musical y están en proceso de catalogación informática y normalizada con la colaboración de la Biblioteca Valenciana y el Instituto Valenciano de Conservación y Restauración.</subfield>
      </datafield>
   </record>