
   <record>
      <leader>00000nz  a2200000nc 4500</leader>
      <controlfield tag="001">institutions/51004644</controlfield>
      <controlfield tag="003">DE-633</controlfield>
      <controlfield tag="005">20250620052257.0</controlfield>
      <controlfield tag="008">201207||||z|||a|||||||||||||||||n||||||d</controlfield>
      <datafield tag="024" ind1="7" ind2=" ">
         <subfield code="a">11144647633159036722</subfield>
         <subfield code="2">VIAF</subfield>
      </datafield>
      <datafield tag="024" ind1="7" ind2=" ">
         <subfield code="a">Q11702297</subfield>
         <subfield code="2">WKP</subfield>
      </datafield>
      <datafield tag="024" ind1="7" ind2=" ">
         <subfield code="a">E-VArse</subfield>
         <subfield code="q">siglum</subfield>
         <subfield code="2">rism</subfield>
      </datafield>
      <datafield tag="034" ind1="1" ind2=" ">
         <subfield code="d">-0.38208698237239314</subfield>
         <subfield code="f">39.46392652798588</subfield>
      </datafield>
      <datafield tag="040" ind1=" " ind2=" ">
         <subfield code="a">DE-633</subfield>
         <subfield code="c">DE-633</subfield>
         <subfield code="e">rismg</subfield>
      </datafield>
      <datafield tag="043" ind1=" " ind2=" ">
         <subfield code="c">XA-ES</subfield>
      </datafield>
      <datafield tag="110" ind1="1" ind2=" ">
         <subfield code="a">Biblioteca i Arxiu de Reial Societat Econòmica d'Amics del País de València (RSEAPV)</subfield>
         <subfield code="c">València</subfield>
         <subfield code="g">E-VArse</subfield>
      </datafield>
      <datafield tag="368" ind1=" " ind2=" ">
         <subfield code="a">Institution</subfield>
         <subfield code="a">Library</subfield>
         <subfield code="a">Archive</subfield>
      </datafield>
      <datafield tag="371" ind1=" " ind2=" ">
         <subfield code="a">Calle San Vicente Mártir, 130 Pta.2</subfield>
         <subfield code="b">València</subfield>
         <subfield code="c">Comunitat Valenciana</subfield>
         <subfield code="d">Spain</subfield>
         <subfield code="e">46007</subfield>
         <subfield code="m">rseapvsecretaria@rseapv.org</subfield>
         <subfield code="u">https://rseap.webs.upv.es/index.php/homepage</subfield>
         <subfield code="z">tel: +34 / 960 068 733</subfield>
      </datafield>
      <datafield tag="410" ind1=" " ind2=" ">
         <subfield code="a">Biblioteca y Archivo de Real Sociedad Económica Amigos del País de Valencia (RSEAPV)</subfield>
      </datafield>
      <datafield tag="551" ind1="1" ind2=" ">
         <subfield code="a">València</subfield>
         <subfield code="0">places/3902784</subfield>
      </datafield>
   </record>