
   <record>
      <leader>00000nz  a2200000nc 4500</leader>
      <controlfield tag="001">institutions/30005483</controlfield>
      <controlfield tag="003">DE-633</controlfield>
      <controlfield tag="005">20250620052039.0</controlfield>
      <controlfield tag="008">161109||||z|||a|||||||||||||||||n||||||d</controlfield>
      <datafield tag="024" ind1="7" ind2=" ">
         <subfield code="a">E-VAsa</subfield>
         <subfield code="q">siglum</subfield>
         <subfield code="2">rism</subfield>
      </datafield>
      <datafield tag="040" ind1=" " ind2=" ">
         <subfield code="a">DE-633</subfield>
         <subfield code="c">DE-633</subfield>
         <subfield code="e">rismg</subfield>
      </datafield>
      <datafield tag="043" ind1=" " ind2=" ">
         <subfield code="c">XA-ES</subfield>
      </datafield>
      <datafield tag="110" ind1="2" ind2=" ">
         <subfield code="a">Sociedad General de Autores y Editores (SGAE). Archivo</subfield>
         <subfield code="c">València</subfield>
         <subfield code="g">E-VAsa</subfield>
      </datafield>
      <datafield tag="368" ind1=" " ind2=" ">
         <subfield code="a">Library</subfield>
      </datafield>
      <datafield tag="368" ind1=" " ind2=" ">
         <subfield code="a">Institution</subfield>
      </datafield>
      <datafield tag="371" ind1=" " ind2=" ">
         <subfield code="a">Sociedad General de Autores y Editores,  (SGAE). Archivo, c/ Blanquerías, 6, 46003 València, Spain</subfield>
         <subfield code="u">http://www.sgae.es/</subfield>
      </datafield>
      <datafield tag="551" ind1=" " ind2=" ">
         <subfield code="a">València</subfield>
         <subfield code="0">places/3902784</subfield>
      </datafield>
      <datafield tag="680" ind1=" " ind2=" ">
         <subfield code="a">Some 350 musical works, and compositions by the following female composers: Ofelia Raga, María Recasens, Matilde Salvador and Elena Faus.</subfield>
      </datafield>
   </record>