
   <record>
      <leader>00000nz  a2200000nc 4500</leader>
      <controlfield tag="001">institutions/30003323</controlfield>
      <controlfield tag="003">DE-633</controlfield>
      <controlfield tag="005">20250620052020.0</controlfield>
      <controlfield tag="008">161109||||z|||a|||||||||||||||||n||||||d</controlfield>
      <datafield tag="024" ind1="7" ind2=" ">
         <subfield code="a">156556217</subfield>
         <subfield code="2">VIAF</subfield>
      </datafield>
      <datafield tag="024" ind1="7" ind2=" ">
         <subfield code="a">Q66862818</subfield>
         <subfield code="2">WKP</subfield>
      </datafield>
      <datafield tag="024" ind1="7" ind2=" ">
         <subfield code="a">E-VAu</subfield>
         <subfield code="q">siglum</subfield>
         <subfield code="2">rism</subfield>
      </datafield>
      <datafield tag="034" ind1="1" ind2=" ">
         <subfield code="d">-0.3728873930597479</subfield>
         <subfield code="f">39.47221765466703</subfield>
      </datafield>
      <datafield tag="040" ind1=" " ind2=" ">
         <subfield code="a">DE-633</subfield>
         <subfield code="c">DE-633</subfield>
         <subfield code="e">rismg</subfield>
      </datafield>
      <datafield tag="043" ind1=" " ind2=" ">
         <subfield code="c">XA-ES</subfield>
      </datafield>
      <datafield tag="110" ind1="1" ind2=" ">
         <subfield code="a">Biblioteca Històrica de la Universitat</subfield>
         <subfield code="c">València</subfield>
         <subfield code="g">E-VAu</subfield>
      </datafield>
      <datafield tag="368" ind1=" " ind2=" ">
         <subfield code="a">Institution</subfield>
         <subfield code="a">Library</subfield>
      </datafield>
      <datafield tag="371" ind1=" " ind2=" ">
         <subfield code="a">Carrer de la Universitat, 2</subfield>
         <subfield code="b">València</subfield>
         <subfield code="c">Comunitat Valenciana</subfield>
         <subfield code="d">Spain</subfield>
         <subfield code="e">46003</subfield>
         <subfield code="m">LaBibliotec@respon</subfield>
         <subfield code="u">https://www.uv.es/uvweb/servicio-bibliotecas-documentacion/es/biblioteca-historica/novedades-1285874781823.html</subfield>
         <subfield code="z">tel: +34 / 961625586</subfield>
      </datafield>
      <datafield tag="410" ind1=" " ind2=" ">
         <subfield code="a">Biblioteca General e Histórica de la Universidad de Valencia</subfield>
      </datafield>
      <datafield tag="410" ind1=" " ind2=" ">
         <subfield code="a">Biblioteca Universitaria</subfield>
      </datafield>
      <datafield tag="551" ind1="1" ind2=" ">
         <subfield code="a">València</subfield>
         <subfield code="0">places/3902784</subfield>
      </datafield>
      <datafield tag="680" ind1="1" ind2=" ">
         <subfield code="a">Sus fondos se constituyen con donaciones de instituciones y particulares, además de obras procedentes de diversos conventos y monasterios: carmelitas, franciscanos, agustinos (de Alcoy, Játiva y Valencia), trinitarios, dominicos, Orden de Montesa, etc.; pero el fondo más importante y valioso es el procedente del Monasterio de San Miguel de los Reyes.</subfield>
      </datafield>
   </record>