
   <record>
      <leader>00000nz  a2200000nc 4500</leader>
      <controlfield tag="001">institutions/30079069</controlfield>
      <controlfield tag="003">DE-633</controlfield>
      <controlfield tag="005">20250620052121.0</controlfield>
      <controlfield tag="008">161109||||z|||a|||||||||||||||||n||||||d</controlfield>
      <datafield tag="024" ind1="7" ind2=" ">
         <subfield code="a">E-VIP</subfield>
         <subfield code="q">siglum</subfield>
         <subfield code="2">rism</subfield>
      </datafield>
      <datafield tag="040" ind1=" " ind2=" ">
         <subfield code="a">DE-633</subfield>
         <subfield code="c">DE-633</subfield>
         <subfield code="e">rismg</subfield>
      </datafield>
      <datafield tag="043" ind1=" " ind2=" ">
         <subfield code="c">XA-ES</subfield>
      </datafield>
      <datafield tag="110" ind1="2" ind2=" ">
         <subfield code="a">Centre de Documentació VINSEUM</subfield>
         <subfield code="c">Vilafranca del Penedès</subfield>
         <subfield code="g">E-VIP</subfield>
      </datafield>
      <datafield tag="368" ind1=" " ind2=" ">
         <subfield code="a">Institution</subfield>
      </datafield>
      <datafield tag="368" ind1=" " ind2=" ">
         <subfield code="a">Library</subfield>
      </datafield>
      <datafield tag="371" ind1=" " ind2=" ">
         <subfield code="a">Centre de Documentació VINSEUM, Palma, 24, baixos, 08720  Vilafranca del Penedès, Spain</subfield>
         <subfield code="u">http://www.vinseum.cat</subfield>
      </datafield>
      <datafield tag="410" ind1="2" ind2=" ">
         <subfield code="a">Centro de Documentación VINSEUM</subfield>
      </datafield>
      <datafield tag="410" ind1="2" ind2=" ">
         <subfield code="a">Arxiu Musical VINSEUM</subfield>
      </datafield>
      <datafield tag="551" ind1=" " ind2=" ">
         <subfield code="a">Vilafranca del Penedès</subfield>
         <subfield code="0">places/3904536</subfield>
      </datafield>
      <datafield tag="680" ind1=" " ind2=" ">
         <subfield code="a">It has religious and liturgical music from the sixteenth to the twentieth, instrumental music of the eighteenth and nineteenth, music authors and institutions Vilafranca, traditional music, plainsong and ancient polyphony. Mostly it comes manuscripts. It also has music library (recordings) with some discs Stone, a documentary collection of various kinds of music and musicians, an specialized library on catalan music and a collection of photographs on musical theme. Among its holdings are those of: -Musical chapel of the church of Santa Maria de Vilafranca. -Mossèn Joan Vinyetas. -Convent Trinitat. -Convent of San Francesc. -Convent ff Sant Domènec.</subfield>
      </datafield>
   </record>