
   <record>
      <leader>00000nz  a2200000nc 4500</leader>
      <controlfield tag="001">institutions/51006781</controlfield>
      <controlfield tag="003">DE-633</controlfield>
      <controlfield tag="005">20250620052310.0</controlfield>
      <controlfield tag="008">220927||||z|||a|||||||||||||||||n||||||d</controlfield>
      <datafield tag="024" ind1="7" ind2=" ">
         <subfield code="a">135548109</subfield>
         <subfield code="2">VIAF</subfield>
      </datafield>
      <datafield tag="024" ind1="7" ind2=" ">
         <subfield code="a">Q8963091</subfield>
         <subfield code="2">WKP</subfield>
      </datafield>
      <datafield tag="024" ind1="7" ind2=" ">
         <subfield code="a">E-VITfss</subfield>
         <subfield code="q">siglum</subfield>
         <subfield code="2">rism</subfield>
      </datafield>
      <datafield tag="034" ind1="1" ind2=" ">
         <subfield code="d">-2.659291644306029</subfield>
         <subfield code="f">42.86032137232985</subfield>
      </datafield>
      <datafield tag="040" ind1=" " ind2=" ">
         <subfield code="a">DE-633</subfield>
         <subfield code="c">DE-633</subfield>
         <subfield code="e">rismg</subfield>
      </datafield>
      <datafield tag="043" ind1=" " ind2=" ">
         <subfield code="c">XA-ES</subfield>
      </datafield>
      <datafield tag="110" ind1="1" ind2=" ">
         <subfield code="a">Fundación Sancho el Sabio</subfield>
         <subfield code="c">Vitoria-Gasteiz</subfield>
         <subfield code="g">E-VITfss</subfield>
      </datafield>
      <datafield tag="368" ind1=" " ind2=" ">
         <subfield code="a">Institution</subfield>
         <subfield code="a">Library</subfield>
         <subfield code="a">Documentation center</subfield>
      </datafield>
      <datafield tag="371" ind1=" " ind2=" ">
         <subfield code="a">Portal de Betoño, 23</subfield>
         <subfield code="b">01013 Vitoria-Gasteiz</subfield>
         <subfield code="c">Euskadi</subfield>
         <subfield code="d">Spain</subfield>
         <subfield code="m">fs-inv@sanchoelsabio.eus</subfield>
         <subfield code="u">https://www.sanchoelsabio.eus/en/</subfield>
         <subfield code="z">tel: +34 / 945 253932</subfield>
         <subfield code="z">fax: +34 / 945 250219</subfield>
      </datafield>
      <datafield tag="551" ind1="1" ind2=" ">
         <subfield code="a">Vitoria-Gasteiz</subfield>
         <subfield code="0">places/3903780</subfield>
      </datafield>
   </record>