
   <record>
      <leader>00000nz  a2200000nc 4500</leader>
      <controlfield tag="001">institutions/30079674</controlfield>
      <controlfield tag="003">DE-633</controlfield>
      <controlfield tag="005">20250620052126.0</controlfield>
      <controlfield tag="008">161109||||z|||a|||||||||||||||||n||||||d</controlfield>
      <datafield tag="024" ind1="7" ind2=" ">
         <subfield code="a">E-VLDs</subfield>
         <subfield code="q">siglum</subfield>
         <subfield code="2">rism</subfield>
      </datafield>
      <datafield tag="040" ind1=" " ind2=" ">
         <subfield code="a">DE-633</subfield>
         <subfield code="c">DE-633</subfield>
         <subfield code="e">rismg</subfield>
      </datafield>
      <datafield tag="043" ind1=" " ind2=" ">
         <subfield code="c">XA-ES</subfield>
      </datafield>
      <datafield tag="110" ind1="2" ind2=" ">
         <subfield code="a">Seminario Diocesano. Santa María de Valdediós</subfield>
         <subfield code="c">Valdediós (Villaviciosa)</subfield>
         <subfield code="g">E-VLDs</subfield>
      </datafield>
      <datafield tag="368" ind1=" " ind2=" ">
         <subfield code="a">Library</subfield>
      </datafield>
      <datafield tag="368" ind1=" " ind2=" ">
         <subfield code="a">Institution</subfield>
      </datafield>
      <datafield tag="371" ind1=" " ind2=" ">
         <subfield code="a">Seminario Diocesano. Santa María de,  Valdediós, 33312  Valdediós (Villaviciosa), Spain</subfield>
      </datafield>
      <datafield tag="551" ind1=" " ind2=" ">
         <subfield code="a">Valdediós (Villaviciosa)</subfield>
         <subfield code="0">places/3905571</subfield>
      </datafield>
      <datafield tag="680" ind1=" " ind2=" ">
         <subfield code="a">It has printed choir books.Destacan entre sus fondos 18 libros de coro del siglo XVII con música litúrgica.; It has printed choir books.Destacan entre sus fondos 18 libros de coro del siglo XVII con música litúrgica.</subfield>
      </datafield>
   </record>