
   <record>
      <leader>00000nz  a2200000nc 4500</leader>
      <controlfield tag="001">institutions/30080774</controlfield>
      <controlfield tag="003">DE-633</controlfield>
      <controlfield tag="005">20250620052133.0</controlfield>
      <controlfield tag="008">161109||||z|||a|||||||||||||||||n||||||d</controlfield>
      <datafield tag="024" ind1="7" ind2=" ">
         <subfield code="a">E-Vba</subfield>
         <subfield code="q">siglum</subfield>
         <subfield code="2">rism</subfield>
      </datafield>
      <datafield tag="034" ind1="2" ind2=" ">
         <subfield code="d">-4.727090</subfield>
         <subfield code="f">41.648159</subfield>
      </datafield>
      <datafield tag="040" ind1=" " ind2=" ">
         <subfield code="a">DE-633</subfield>
         <subfield code="c">DE-633</subfield>
         <subfield code="e">rismg</subfield>
      </datafield>
      <datafield tag="043" ind1=" " ind2=" ">
         <subfield code="c">XA-ES</subfield>
      </datafield>
      <datafield tag="110" ind1="2" ind2=" ">
         <subfield code="a">Real Academia de Bellas Artes de la Purísima Concepción</subfield>
         <subfield code="c">Valladolid</subfield>
         <subfield code="g">E-Vba</subfield>
      </datafield>
      <datafield tag="368" ind1=" " ind2=" ">
         <subfield code="a">Institution</subfield>
      </datafield>
      <datafield tag="368" ind1=" " ind2=" ">
         <subfield code="a">Library</subfield>
      </datafield>
      <datafield tag="371" ind1=" " ind2=" ">
         <subfield code="a">Real Academia de Bellas Artes de la,  Purísima Concepción, Casa de Cervantes, Calle del Rastro, s/n, 47001 Valladolid, Spain</subfield>
         <subfield code="u">http://www.realacademiaconcepcion.net/</subfield>
      </datafield>
      <datafield tag="551" ind1=" " ind2=" ">
         <subfield code="a">Valladolid</subfield>
         <subfield code="0">places/3903199</subfield>
      </datafield>
      <datafield tag="680" ind1=" " ind2=" ">
         <subfield code="a">Keeping a thousand musical works, half of them unique manuscript sources of authors of the second half of the nineteenth and early twentieth centuries. The catalog of his musical holdings is available on its website, which can also be downloaded in PDF the “liber de gestis” of the music section of the Academy, corresponding to the year 1911.</subfield>
      </datafield>
   </record>