
   <record>
      <leader>00000nz  a2200000nc 4500</leader>
      <controlfield tag="001">institutions/30079677</controlfield>
      <controlfield tag="003">DE-633</controlfield>
      <controlfield tag="005">20250620052126.0</controlfield>
      <controlfield tag="008">161109||||z|||a|||||||||||||||||n||||||d</controlfield>
      <datafield tag="024" ind1="7" ind2=" ">
         <subfield code="a">E-XAT</subfield>
         <subfield code="q">siglum</subfield>
         <subfield code="2">rism</subfield>
      </datafield>
      <datafield tag="040" ind1=" " ind2=" ">
         <subfield code="a">DE-633</subfield>
         <subfield code="c">DE-633</subfield>
         <subfield code="e">rismg</subfield>
      </datafield>
      <datafield tag="043" ind1=" " ind2=" ">
         <subfield code="c">XA-ES</subfield>
      </datafield>
      <datafield tag="110" ind1="2" ind2=" ">
         <subfield code="a">Colegiata Basílica de Santa María</subfield>
         <subfield code="c">Xàtiva</subfield>
         <subfield code="g">E-XAT</subfield>
      </datafield>
      <datafield tag="368" ind1=" " ind2=" ">
         <subfield code="a">Institution</subfield>
      </datafield>
      <datafield tag="368" ind1=" " ind2=" ">
         <subfield code="a">Library</subfield>
      </datafield>
      <datafield tag="371" ind1=" " ind2=" ">
         <subfield code="a">Colegiata Basílica de Santa María, Pza. Calixto III, 6, 46800  Xàtiva, Spain</subfield>
         <subfield code="u">http://www.seudexativa.org/index.php/archivo?showall=&amp;limitstart</subfield>
      </datafield>
      <datafield tag="551" ind1=" " ind2=" ">
         <subfield code="a">Xàtiva</subfield>
         <subfield code="0">places/3905572</subfield>
      </datafield>
      <datafield tag="680" ind1=" " ind2=" ">
         <subfield code="a">It has a large collection of codices and choral books from the 16th to the 19th and a music collection, organized independently, with scores of the 19th and 20th centuries. It is planned to transfer the archive to the Palau de l'Ardiaca (Archdeacon Palace).</subfield>
      </datafield>
   </record>