
   <record>
      <leader>00000nz  a2200000nc 4500</leader>
      <controlfield tag="001">institutions/30000131</controlfield>
      <controlfield tag="003">DE-633</controlfield>
      <controlfield tag="005">20250620051953.0</controlfield>
      <controlfield tag="008">161109||||z|||a|||||||||||||||||n||||||d</controlfield>
      <datafield tag="024" ind1="7" ind2=" ">
         <subfield code="a">E-ZAc</subfield>
         <subfield code="q">siglum</subfield>
         <subfield code="2">rism</subfield>
      </datafield>
      <datafield tag="040" ind1=" " ind2=" ">
         <subfield code="a">DE-633</subfield>
         <subfield code="c">DE-633</subfield>
         <subfield code="e">rismg</subfield>
      </datafield>
      <datafield tag="043" ind1=" " ind2=" ">
         <subfield code="c">XA-ES</subfield>
      </datafield>
      <datafield tag="110" ind1="2" ind2=" ">
         <subfield code="a">Archivo Catedralicio de Zamora</subfield>
         <subfield code="c">Zamora</subfield>
         <subfield code="g">E-ZAc</subfield>
      </datafield>
      <datafield tag="368" ind1=" " ind2=" ">
         <subfield code="a">Library</subfield>
      </datafield>
      <datafield tag="368" ind1=" " ind2=" ">
         <subfield code="a">Institution</subfield>
      </datafield>
      <datafield tag="371" ind1=" " ind2=" ">
         <subfield code="a">Archivo Catedralicio de Zamora, c/ Puerta del Obispo, 2, 49001 Zamora, Spain</subfield>
         <subfield code="u">http://diocesisdezamora.es/</subfield>
      </datafield>
      <datafield tag="551" ind1=" " ind2=" ">
         <subfield code="a">Zamora</subfield>
         <subfield code="0">places/3900287</subfield>
      </datafield>
      <datafield tag="667" ind1=" " ind2=" ">
         <subfield code="a">Published sources: 829</subfield>
      </datafield>
      <datafield tag="680" ind1=" " ind2=" ">
         <subfield code="a">Su capilla musical se sitúa entre las instituciones más destacadas con compositores como Manuel de Osete, Alonso Tomé de Cobaleda, Luis de Sandoval y Mallas, Alonso de Tejeda, Juan García de Salazar y Alonso de Torices y organistas como Antonio de la Cruz Brocarte. Cuenta con documentos desde el siglo X, pero la mayor parte de ellos son de los siglos XIII al XVIII.</subfield>
      </datafield>
   </record>