
   <record>
      <leader>00000nz  a2200000nc 4500</leader>
      <controlfield tag="001">institutions/30001405</controlfield>
      <controlfield tag="003">DE-633</controlfield>
      <controlfield tag="005">20250620052004.0</controlfield>
      <controlfield tag="008">161109||||z|||a|||||||||||||||||n||||||d</controlfield>
      <datafield tag="024" ind1="7" ind2=" ">
         <subfield code="a">E-Zac</subfield>
         <subfield code="q">siglum</subfield>
         <subfield code="2">rism</subfield>
      </datafield>
      <datafield tag="034" ind1="1" ind2=" ">
         <subfield code="d">-0.8756680400062757</subfield>
         <subfield code="f">41.65474609961362</subfield>
      </datafield>
      <datafield tag="040" ind1=" " ind2=" ">
         <subfield code="a">DE-633</subfield>
         <subfield code="c">DE-633</subfield>
         <subfield code="e">rismg</subfield>
      </datafield>
      <datafield tag="043" ind1=" " ind2=" ">
         <subfield code="c">XA-ES</subfield>
      </datafield>
      <datafield tag="110" ind1="1" ind2=" ">
         <subfield code="a">Archivos y Biblioteca Capitulares</subfield>
         <subfield code="c">Zaragoza</subfield>
         <subfield code="g">E-Zac</subfield>
      </datafield>
      <datafield tag="368" ind1=" " ind2=" ">
         <subfield code="a">Institution</subfield>
         <subfield code="a">Library</subfield>
         <subfield code="a">Archive</subfield>
      </datafield>
      <datafield tag="371" ind1=" " ind2=" ">
         <subfield code="a">Pl. de la Seo, 4</subfield>
         <subfield code="b">50001 Zaragoza</subfield>
         <subfield code="c">Aragón</subfield>
         <subfield code="d">Spain</subfield>
         <subfield code="u">https://catedraldezaragoza.es/archivo-y-biblioteca/</subfield>
      </datafield>
      <datafield tag="410" ind1=" " ind2=" ">
         <subfield code="a">Archivo de Música de las Catedrales de Zaragoza. Archivos Catedralicios (El Pilar y La Seo)</subfield>
      </datafield>
      <datafield tag="410" ind1=" " ind2=" ">
         <subfield code="a">Biblioteca Capitular de la Seo</subfield>
      </datafield>
      <datafield tag="410" ind1=" " ind2=" ">
         <subfield code="a">Archivo musical de El Pilar</subfield>
      </datafield>
      <datafield tag="410" ind1=" " ind2=" ">
         <subfield code="a">Cabildo de la Séo</subfield>
      </datafield>
      <datafield tag="410" ind1=" " ind2=" ">
         <subfield code="a">Archivo Musical de los Cabildos</subfield>
      </datafield>
      <datafield tag="410" ind1=" " ind2=" ">
         <subfield code="a">Archivo de Música del Cabildo</subfield>
      </datafield>
      <datafield tag="551" ind1="1" ind2=" ">
         <subfield code="a">Zaragoza</subfield>
         <subfield code="0">places/3900241</subfield>
      </datafield>
      <datafield tag="667" ind1=" " ind2=" ">
         <subfield code="a">Published sources: 534</subfield>
      </datafield>
      <datafield tag="670" ind1="1" ind2=" ">
         <subfield code="a">Escuer SalcedoV 2020</subfield>
         <subfield code="0">publications/50005906</subfield>
      </datafield>
      <datafield tag="680" ind1="1" ind2=" ">
         <subfield code="a">Une en un solo depósito los fondos de las Capillas Musicales y de los Colegios de Infantes de ambas catedrales. Cuenta con 367 incunables, 1.453 libros (siglos XVI y XVII), 2.100 (hasta el siglo XX), 280 códices y manuscritos en proceso de catalogación. Se han depositado también en el archivo los cantorales procedentes del scriptorium del Real Monasterio de Santa Fe (Zaragoza) que contienen el repertorio cisterciense prácticamente completo y que se hallaban en la Cartuja Aula Dei.</subfield>
      </datafield>
   </record>