
   <record>
      <leader>00000nz  a2200000nc 4500</leader>
      <controlfield tag="001">institutions/51006783</controlfield>
      <controlfield tag="003">DE-633</controlfield>
      <controlfield tag="005">20250620052310.0</controlfield>
      <controlfield tag="008">220927||||z|||a|||||||||||||||||n||||||d</controlfield>
      <datafield tag="024" ind1="7" ind2=" ">
         <subfield code="a">E-Zbdp</subfield>
         <subfield code="q">siglum</subfield>
         <subfield code="2">rism</subfield>
      </datafield>
      <datafield tag="034" ind1="1" ind2=" ">
         <subfield code="d">-0.8816275983010377</subfield>
         <subfield code="f">41.65217966981023</subfield>
      </datafield>
      <datafield tag="040" ind1=" " ind2=" ">
         <subfield code="a">DE-633</subfield>
         <subfield code="c">DE-633</subfield>
         <subfield code="e">rismg</subfield>
      </datafield>
      <datafield tag="043" ind1=" " ind2=" ">
         <subfield code="c">XA-ES</subfield>
      </datafield>
      <datafield tag="110" ind1="1" ind2=" ">
         <subfield code="a">Biblioteca de la Diputación Provincial de Zaragoza</subfield>
         <subfield code="c">Zaragoza</subfield>
         <subfield code="g">E-Zbdp</subfield>
      </datafield>
      <datafield tag="368" ind1=" " ind2=" ">
         <subfield code="a">Institution</subfield>
         <subfield code="a">Library</subfield>
      </datafield>
      <datafield tag="371" ind1=" " ind2=" ">
         <subfield code="a">Pza. de España, 2</subfield>
         <subfield code="b">50004 Zaragoza</subfield>
         <subfield code="c">Aragón</subfield>
         <subfield code="d">Spain</subfield>
         <subfield code="u">http://www1.dpz.es/cultura/archivo-biblio/biblio/biblio_dpz/biblio_dpz.htm</subfield>
         <subfield code="z">tel: +34 / 976288792</subfield>
         <subfield code="z">fax: +34 / 976288793</subfield>
      </datafield>
      <datafield tag="551" ind1="1" ind2=" ">
         <subfield code="a">Zaragoza</subfield>
         <subfield code="0">places/3900241</subfield>
      </datafield>
   </record>